3556 5580
204 339 258 398 lto
710 338 844 397 XXVII.
865 337 1114 396 GUlTlFERAE.

234 488 329 545 Scau,
341 487 446 547 Blanco,
457 486 496 536 Fl.
508 485 584 550 Filip.
596 486 654 547 437,
666 486 800 537 arbuscula
816 487 1013 552 Philippinensis
1030 485 1165 545 maritima,
1176 483 1209 533 ab
1220 486 1321 533 auctore
1337 481 1371 531 ad
1384 479 1525 532 Guttiferas
1536 482 1610 532 reler-

201 569 252 626 tur,
270 567 314 616 sed
332 571 398 617 certe
416 566 503 615 multis
521 566 589 615 notis
608 565 698 615 differt.
732 565 805 615 Folia
821 565 924 625 alterna,
942 564 1078 629 pedunculi
1091 563 1173 613 1·flori
1189 561 1360 626 oppositifolii,
1378 561 1450 625 calyx
1467 561 1610 624 Spartitus,

200 644 287 709 petala
296 646 313 693 6
322 644 440 694 biseriata
452 644 571 692 interiora
579 644 684 703 minora,
699 643 810 692 anthera
821 643 1030 693 numerosissima
1047 642 1140 690 scssilcs
1151 641 1385 703 lineari-tetragona
1396 645 1465 688 arcte
1481 655 1610 703 appressae,

199 723 287 772 omnia
300 722 442 771 Asoncces's
458 721 618 781 conveniunt,
630 722 674 770 sed
691 721 799 770 stamina
816 736 892 785 supra
907 736 1010 786 germen
1027 721 1121 769 inserta
1138 723 1165 769 et
1183 720 1260 768 bacca
1278 717 1452 782 magnitudine
1466 717 1609 776 durantia,

200 798 374 863 integumento
385 799 471 863 3·plici
482 799 632 859 licenter-is,
644 798 780 848 seminibus
790 799 998 848 numerosissimis
1009 798 1171 863 longiusculis
1182 797 1308 863 angulatis
1318 797 1392 860 longe
1404 797 1542 846 discedunt.

235 879 515 937 Ssssscaossssucu,
527 877 626 938 Blume,
637 877 676 925 Ill
688 877 707 925 J
707 893 746 927 av.
759 877 859 941 Dipter.
873 877 901 926 in
912 876 1007 937 adnot,
1025 893 1104 942 genus
1115 879 1147 926 ab
1164 880 1267 925 auctore
1278 874 1311 923 ad
1328 875 1496 924 characterem
1507 874 1609 923 [curei-

200 955 302 1004 rianum
315 955 423 1003 Vaccae
434 956 608 1019 suaeflecaosae
620 954 778 1020 propositum
788 960 814 1004 et
826 954 959 1005 Guttifcris
970 955 1104 1015 adscitum,
1112 955 1185 1004 uobis
1195 957 1262 1004 certe
1273 954 1384 1002 alienum
1395 953 1496 1003 videtur
1507 954 1540 1002 ob
1551 951 1611 1002 folia

201 1034 300 1083 alterna
310 1037 336 1082 et
347 1048 458 1082 racemos
469 1032 618 1093 terminales,
630 1033 675 1082 sed
686 1033 749 1082 dum
760 1034 896 1098 specimina
904 1033 931 1083 in
942 1033 1063 1084 berberiis
1074 1032 1157 1082 desint
1166 1048 1245 1098 genus
1256 1033 1360 1081 omnino
1372 1033 1479 1082 dubium
1489 1037 1609 1082 remanet.

229 1245 353 1306 Tamus
374 1248 398 1305 Ι.
428 1247 578 1308 sursum
601 1247 748 1328 (Embryo
762 1269 1026 1323 crassocarnosus,
1041 1247 1269 1330 cotyledonibus
1282 1247 1320 1307 ad
1334 1246 1447 1326 apicem
1463 1245 1579 1305 minute

754 1342 1053 1421 squamaeformibus).

196 1525 200 1530 ,
239 1467 263 1519 l.
283 1465 399 1532 musis,
412 1465 1152 1540 Ιληη.θοπ.π.1151-Ἑ101ἐεἀίοἱοίν.ρο1]ςαωὶ.
1190 1466 1290 1540 Sepala
1307 1469 1370 1530 4-6,
1383 1465 1545 1528 orbiculata,
1558 1483 1609 1536 per

201 1548 279 1619 paria
291 1546 436 1620 decussata
447 1567 474 1602 v.
487 1548 641 1604 imbricata.
678 1549 777 1604 Petala
795 1555 857 1615 4-9,
877 1551 997 1607 obovata
1007 1570 1034 1606 v.
1048 1552 1176 1622 oblonga,
1194 1551 1339 1606 imbricata
1349 1568 1376 1604 v.
1389 1554 1524 1604 contorta.
1561 1548 1586 1602 F
1588 1548 1606 1602 l.

205 1630 245 1701 ὃς
266 1629 391 1685 Stamina
403 1645 446 1693 00,
459 1649 533 1686 nunc
546 1631 639 1686 omnia
654 1631 684 1686 in
696 1651 815 1688 massam
834 1633 977 1705 globosam
990 1634 1114 1689 sensilem
1125 1652 1152 1689 v.
1165 1634 1195 1688 in
1216 1634 1372 1688 columnam
1388 1631 1523 1688 elevatam
1543 1649 1607 1686 con·

200 1719 277 1768 creta
295 1712 418 1767 antberis
437 1713 581 1778 immersis,
600 1733 675 1770 nunc
692 1715 826 1771 interiora
837 1737 863 1770 v.
877 1717 1015 1772 exteriora
1031 1723 1160 1772 concreta
1174 1723 1203 1772 et
1219 1715 1332 1778 sterilia,
1345 1714 1514 1769 exteriorum
1526 1732 1553 1767 v.
1566 1715 1607 1768 in-

201 1795 335 1852 teriorum
347 1795 471 1852 catharis
483 1795 587 1858 liberis,
600 1796 644 1852 vel
657 1797 779 1853 anthera
790 1817 886 1854 omnes
903 1800 998 1855 libcrae
1014 1799 1163 1855 filamentis
1179 1800 1208 1854 in
1224 1816 1344 1853 massam
1359 1796 1495 1852 concretis
1506 1816 1533 1851 v.
1546 1796 1608 1851 bre-

201 1879 276 1933 viter
287 1878 400 1942 liberis3
420 1879 543 1934 antberae
561 1880 786 1946 2-00-locularss,
804 1881 881 1937 varie
899 1881 1081 1938 dehiscentes.
1118 1881 1222 1936 Piatilli
1240 1880 1430 1936 rudimentum
1447 1883 1475 1943 0,
1491 1898 1518 1934 v.
1535 1880 1609 1934 intra

201 1961 323 2017 stamina
338 1961 485 2027 inclusum,
497 1980 524 2016 v.
538 1968 690 2017 exsertum.
727 1962 771 2017 Fl.
782 1967 816 2032 ῼε
838 1963 1012 2020 Staminodia
1025 1967 1104 2028 6-00‚
1117 1963 1206 2020 libera
1216 1983 1243 2019 v.
1256 1970 1383 2018 connata.
1420 1961 1554 2017 Ovarium
1572 1966 1608 2017 5-

203 2043 387 2108 10·loculare;
408 2043 539 2115 stigmata
556 2044 701 2109 radiantia,
720 2046 826 2102 sessilia
841 2066 867 2102 v.
885 2048 965 2120 stylis
985 2047 1114 2103 brevibus
1133 2047 1231 2103 crassis
1249 2047 1329 2110 fulta,
1350 2046 1481 2100 distincta
1498 2065 1524 2099 v.
1544 2064 1607 2100 con-

200 2126 509 2190 niventi-subconnata3
529 2128 612 2183 ovula
629 2129 658 2182 in
676 2129 773 2185 loculis
786 2144 829 2194 00,
843 2129 1085 2186 subhorizontalia
1123 2128 1244 2200 Capsula
1256 2145 1358 2193 crassa,
1371 2128 1496 2183 coriacea
1507 2147 1534 2183 v.
1548 2146 1606 2182 car·

202 2228 280 2274 nosa,
293 2208 427 2282 septicide
439 2209 592 2275 dehiscens,
609 2211 696 2266 valvis
716 2212 890 2268 columellam
909 2212 1156 2285 angulum-alatam
1172 2211 1351 2267 nudantibus.
1384 2210 1496 2266 Semina
1507 2211 1607 2283 saepius

201 2307 246 2356 00,
258 2291 335 2347 haud
345 2310 455 2362 magna,
468 2292 745 2350 stillata-Arbores
764 2315 791 2351 v.
808 2295 931 2360 frutices,
951 2313 1023 2366 saepe
1035 2293 1209 2367 epiphyticae,
1229 2293 1320 2348 rarius
1338 2291 1511 2355 scandentes,
1524 2311 1607 2348 succo

201 2375 326 2431 resinoso
339 2381 485 2430 scatentes.
523 2375 604 2432 Folia
616 2378 747 2443 coriacea
760 2385 860 2452 praeter
872 2385 977 2435 costam
988 2377 1109 2433 validam
1121 2376 1233 2432 enervia
1243 2395 1271 2430 v.
1283 2376 1406 2432 tenuiter
1417 2375 1606 2447 penninervia.

202 2457 300 2514 Flores
319 2458 356 2513 ad
373 2458 464 2531 apices
485 2477 625 2515 ramorum
643 2480 717 2517 nnnc
735 2463 854 2534 majores
873 2469 902 2518 et
921 2463 1037 2518 solitarii
1056 2481 1082 2516 v.
1102 2461 1192 2534 pauci,
1213 2480 1288 2516 nunc
1306 2463 1426 2515 minores
1447 2459 1606 2532 paniculati.

201 2541 326 2598 Bructeae
339 2540 391 2596 sub
404 2541 498 2613 calyce
508 2543 526 2597 2
538 2562 564 2597 v.
578 2545 667 2600 rarius
680 2561 715 2600 00
727 2565 779 2618 per
790 2546 868 2618 paria
880 2546 1041 2601 decussata.

235 2654 333 2720 Species
344 2653 376 2702 ad
393 2655 433 2714 60,
445 2670 531 2704 omnes
549 2656 576 2705 in
595 2656 711 2708 Amerina
728 2661 824 2725 tropica
840 2675 864 2709 v.
877 2659 1023 2724 subtropica
1039 2656 1158 2723 vigentes.
1193 2657 1299 2706 Plancis.
1311 2660 1336 2705 et
1349 2657 1435 2705 ilica
1447 2656 1474 2704 ia
1485 2658 1552 2704 Aac.
1566 2658 1606 2705 Sc.

202 2735 266 2784 Nat.
277 2750 324 2783 sca
336 2736 360 2782 4.
372 2734 424 2782 xiii.
436 2735 493 2783 318.
529 2736 610 2785 Mart.
623 2737 686 2786 Noc.
702 2739 762 2786 Ges.
775 2743 800 2787 et
812 2740 855 2802 Sp.
867 2738 901 2787 iii
913 2743 932 2787 t.
945 2741 1002 2789 288.
1039 2738 1076 2786 St.
1094 2737 1152 2786 Hit.
1169 2737 1209 2786 Fl.
1227 2736 1303 2784 Bras.
1321 2737 1386 2785 Mer.
1402 2735 1419 2785 i.
1437 2740 1455 2784 t.
1467 2736 1508 2784 65.
1542 2737 1607 2799 aliq.

204 2813 283 2876 Stirp.
297 2812 379 2861 Suria.
392 2815 409 2860 t.
422 2812 462 2872 25,
475 2814 515 2862 26.
548 2815 629 2863 Oboia.
643 2813 709 2864 aaa.
721 2817 779 2865 Ind.
792 2821 810 2866 t.
824 2819 847 2877 1,
859 2819 883 2865 2.

236 2891 323 2940 Genus
334 2889 447 2939 naturale
458 2891 523 2939 miro
534 2893 610 2941 modo
621 2894 701 2942 variat
711 2895 794 2958 quoad
805 2894 948 2958 sepalorum
958 2894 1147 2943 bractearumvc
1164 2907 1298 2940 numerum
1312 2895 1338 2940 et
1354 2891 1473 2940 androecii
1489 2891 1607 2952 indolem,

202 2974 229 3020 et
238 2969 266 3018 iu
277 2969 397 3018 sectiones
409 2969 609 3020 subnectionesvc
627 2973 659 3020 16
676 2988 692 3019 a
708 2972 863 3021 Planchonio
874 2976 899 3020 et
909 2971 1001 3019 lbiana
1012 2971 1074 3018 bene
1086 2970 1201 3019 divisum.
1235 2969 1284 3017 His
1296 2985 1367 3032 aequo
1375 2970 1433 3033 jure
1444 2969 1561 3018 addenda
1572 2971 1607 3017 vi·

202 3049 295 3098 dentm
305 3062 395 3113 genera
405 3048 421 3096 6
432 3047 572 3113 polyandra
582 3050 614 3098 ab
625 3048 769 3098 auctoribus
780 3050 863 3098 citatis
874 3049 1005 3114 proposita
1014 3064 1038 3096 v.
1051 3047 1183 3096 vindicata.
1219 3046 1318 3111 Species
1335 3050 1419 3094 tamen
1436 3045 1551 3111 plurima
1563 3047 1606 3095 ad·

201 3126 252 3176 huc
262 3125 406 3192 imperfecte
416 3131 490 3187 note,
502 3126 574 3177 flores
585 3127 661 3176 unius
677 3127 811 3177 alteriusve
828 3119 901 3176 sexus
912 3143 936 3176 v.
948 3126 1047 3177 fructus
1064 3126 1136 3175 nobis
1154 3125 1245 3174 desunt
1261 3130 1287 3174 et
1304 3123 1403 3173 difficile
1419 3129 1458 3173 est
1474 3124 1607 3173 divisiones

200 3221 286 3256 revera
296 3204 422 3255 naturales
436 3205 553 3255 limitare.
587 3207 687 3255 Interea
698 3205 818 3254 sectiones
829 3206 912 3255 citatae
922 3205 950 3254 in
961 3205 1100 3270 subgenera
1110 3207 1126 3254 3
1138 3203 1171 3252 ad
1187 3203 1278 3253 florum
1289 3218 1404 3252 normam
1419 3201 1529 3252 limitata
1539 3203 1606 3252 colli·

200 3285 289 3351 gendae
298 3286 426 3344 videntur,
437 3283 487 3333 viz.
499 3304 505 3332 z

235 3365 258 3414 1.
275 3362 401 3422 Ecclesia,
418 3362 522 3412 Planch.
540 3367 566 3412 et
582 3361 666 3411 Trian.
700 3361 815 3411 Stamina
830 3362 953 3411 exteriora
969 3376 1103 3410 numerosa
1119 3359 1219 3421 fertilia,
1236 3358 1347 3409 antheris
1364 3359 1499 3409 Hnearibus
1512 3360 1605 3421 liberis,

200 3441 319 3492 interiora
330 3440 424 3491 sterilia
434 3441 461 3489 in
473 3440 577 3505 globum
589 3444 712 3489 concreta.

234 3524 257 3570 2.
277 3520 453 3585 Sploercsdra,
465 3518 570 3567 Plancln
582 3523 608 3567 et
618 3517 703 3565 Triari.
737 3515 852 3566 Stamina
867 3517 953 3566 omnia
969 3517 996 3566 in
1013 3532 1104 3582 corpus
1121 3514 1231 3564 solidum
1248 3520 1371 3574 concreta,
1387 3513 1498 3563 antheris
1515 3515 1542 3563 in
1553 3531 1606 3563 ver·

200 3600 249 3649 tice
257 3599 382 3648 immersis
399 3596 531 3648 adnatisv.
543 3611 634 3660 parum
645 3595 853 3658 prominentibus.
887 3595 947 3644 Huc
960 3593 1097 3643 mferendae
1110 3593 1230 3641 sectiones
1247 3599 1312 3641 auct.
1325 3594 1368 3641 cit.
1384 3593 1606 3656 Omphclcatberc‚

205 3678 416 3742 Gompbaatlera,
428 3675 616 3731 Pblcicatlera,
628 3676 655 3721 et
666 3673 847 3721 Retiaoaiamon
857 3688 917 3722 cum
928 3673 1004 3737 hujus
1015 3669 1215 3720 subsectionibus
1227 3687 1250 3718 v.
1260 3669 1328 3735 typis
1339 3672 1363 3719 6.

156 3756 158 3761 ’
234 3759 258 3806 3.
280 3754 380 3804 erasa.
414 3751 557 3802 Staminum
573 3751 702 3799 filamenta
712 3749 803 3810 brevia,
821 3750 901 3799 libera
917 3766 941 3799 v.
953 3749 1008 3799 basi
1022 3750 1080 3814 plus
1096 3749 1180 3798 minus
1197 3748 1293 3797 coalita.
1327 3748 1388 3797 Huc
1403 3747 1540 3798 referende
1556 3766 1607 3799 sec·

158 3860 165 3871 ·
199 3836 280 3884 tiones
292 3837 357 3882 auct.
370 3831 411 3880 cit.
426 3830 611 3893 Oordplcndrc,
624 3828 799 3886 casatam,
811 3826 991 3887 Stccroclusia
1007 3827 1156 3891 masam,
1172 3827 1303 3886 causac
1313 3827 1506 3890 Amadropyne.

235 3911 414 3970 ommissis,
426 3908 530 3958 Plancis.
542 3910 567 3954 et
581 3905 666 3954 Trica.
678 3906 706 3954 ia
716 3905 784 3953 aaa.
798 3906 837 3954 Sc.
850 3906 911 3955 Nat.
925 3921 973 3954 aer.
984 3908 1009 3954 4.
1021 3905 1072 3957 xiii.
1084 3907 1142 3967 314,
1153 3908 1178 3952 et
1190 3903 1240 3953 xiv.
1253 3905 1310 3966 226,
1322 3904 1416 3968 species
1432 3906 1508 3954 unica
1524 3905 1606 3955 Novo·

202 3988 372 4047 Gmnatensis,
380 4003 396 4036 a
406 3986 478 4036 nobis
489 4001 541 4034 non
551 3984 612 4044 visa,
622 3999 653 4032 ex
664 3983 805 4034 charactere
816 3983 877 4033 dam
888 3999 904 4033 a
914 3983 1023 4034 sectione
1034 3984 1157 4033 Ecclesia
1168 3998 1220 4032 non
1232 3983 1315 4032 differt
1326 3983 1376 4032 nisi
1385 3983 1474 4048 sepalis
1485 3984 1606 4048 multipli-

200 4067 263 4116 catis
278 4065 322 4130 (10
332 4080 379 4114 nec
390 4063 461 4127 4-5).

233 4143 438 4203 sarcasmos,
449 4141 539 4191 Beata.
552 4140 611 4190 Bot.
626 4139 712 4204 Subit.
725 4137 765 4190 73.
778 4142 796 4188 t.
808 4140 849 4200 38,
860 4142 898 4188 est
908 4140 978 4204 apud
989 4143 1055 4188 auct.
1068 4139 1109 4189 cit.
1122 4139 1247 4190 subsectis
1259 4140 1473 4189 Retiaoatcmcais.

233 4222 377 4282 uaccas,
390 4221 428 4271 St.
439 4220 492 4269 Hil.
500 4219 543 4269 at.
553 4218 628 4267 Broc.
639 4220 700 4268 Mer.
709 4217 726 4266 i
734 4219 791 4268 318.
801 4220 819 4266 t.
826 4217 868 4280 66,
879 4233 895 4266 a
906 4219 1015 4267 sectione
1026 4219 1208 4267 Pblciactterc
1218 4233 1272 4268 uon
1280 4218 1364 4268 differt
1372 4220 1421 4268 nisi
1429 4217 1535 4268 bracteis
1542 4217 1606 4268 mul·

202 4300 328 4365 tiplicatis.
363 4299 465 4348 Plancis.
478 4301 502 4345 et
516 4297 604 4346 Trica.
614 4296 631 4345 l.
639 4311 660 4344 c.
672 4296 722 4344 xiv.
731 4297 789 4344 230.

232 4377 462 4435 Anaacsrvarum
474 4376 535 4439 tuq.
549 4374 628 4438 stirp.
643 4375 725 4422 Sama
735 4375 775 4433 93,
787 4373 836 4426 etsi
845 4374 916 4439 prius
928 4373 960 4423 ab
971 4379 1037 4423 auct.
1049 4373 1092 4423 cit.
1104 4373 1267 4437 vindicatum,
1279 4375 1350 4424 nullo
1361 4379 1428 4425 certe
1439 4375 1581 4425 charactere
1591 4391 1606 4423 a

201 4457 311 4506 sectione
322 4455 503 4505 Phloicatterc
514 4454 612 4503 differre
623 4452 729 4501 videtur.
763 4451 867 4500 Plancis.
880 4455 905 4500 et
918 4450 1003 4502 Trica
1016 4451 1062 4502 lc.
1074 4453 1124 4503 xiv.
1137 4454 1193 4502 235.

234 4535 481 4593 Pomaacssnas,
493 4533 635 4582 Placebat
649 4529 1046 4589 Trica.l.c.xiii.314,antberis
1062 4529 1257 4594 plurilocellatis,
1269 4530 1412 4579 auctoribus
1429 4530 1490 4595 ipsis
1507 4530 1606 4581 fatenti-

200 4615 255 4675 bus,
266 4613 313 4663 lc.
325 4612 374 4662 xiv.
387 4615 443 4672 228,
455 4613 522 4661 inter
533 4610 653 4661 sectiones
664 4623 740 4674 supra
751 4608 798 4657 sub
810 4607 978 4671 Sphoraadra
989 4613 1146 4659 enumeratas
1157 4608 1301 4657 collocanda
1311 4607 1365 4656 erit.

232 4692 420 4751 Asruomcs,
431 4691 515 4748 Mters,
524 4706 555 4738 ea
563 4688 701 4737 Placebat
712 4686 799 4734 Tria».
812 4687 830 4735 l.
838 4702 859 4734 c.
871 4685 921 4734 xiv.
931 4687 989 4747 254,
995 4686 1141 4736 examinatis
1152 4687 1330 4750 speciminibus
1341 4685 1497 4749 Spruccanis,
1505 4703 1530 4735 n.
1541 4688 1607 4739 2159

198 4776 225 4820 et
236 4772 310 4828 2854,
322 4770 395 4819 nobis
406 4769 501 4835 pariter
511 4767 611 4817 videtur
622 4765 674 4814 sub
681 4764 854 4828 Sptoercndria
865 4763 1035 4813 enumeranda
1045 4780 1106 4815 esse.
1139 4765 1285 4814 Paullulum
1302 4763 1385 4812 differt
1396 4762 1428 4811 ab
1438 4765 1605 4830 Androstylio

200 4849 357 4898 staminodiis
368 4849 395 4898 in
407 4846 529 4898 annulum
541 4849 673 4895 externum
685 4841 862 4892 subooncretis.

234 4926 456 4987 (pastoralium.
466 4926 505 4974 Pl.
520 4924 576 4973 cat.
587 4921 635 4974 897
650 4921 785 4986 (haras,
796 4919 890 4967 Sciret.
907 4921 968 4968 Gen.
981 4919 1051 4984 710),
1063 4921 1146 4984 quoad
1162 4921 1191 4983 Q.
1205 4919 1390 4984 Pana-pacari,
1402 4919 1478 4969 Aubl.
1490 4920 1506 4969 l.
1515 4937 1536 4970 c.
1547 4924 1604 4972 900.
