3556 5580
756 383 859 438 XVII.
880 383 1075 439 BIXINEAE.

664 597 756 656 Oeno
776 598 884 658 XVH.
913 597 1163 658 mmmm.

221 726 298 776 Endl.
309 727 372 776 Gen.
382 726 431 779 917
440 751 447 789 3
467 728 705 792 chouamomr,
717 730 801 780 Liudl.
811 731 873 796 Veg.
886 731 980 796 Kingd.
991 729 1040 782 327
1050 753 1056 790 3
1075 731 1248 803 Pisonem,
1261 729 1345 778 Lindl.
1354 728 1416 794 Veg.
1427 727 1521 794 Kiugd.
1530 731 1594 788 323,

197 818 199 822 ’
473 807 810 872 Ooosuosruauun,1lndl
824 809 983 868 Gen.1017;
1002 809 1085 859 Lindl.
1099 810 1161 874 Veg.
1174 808 1268 874 Kingd.
1280 809 1337 857 350.

241 908 340 963 Flores
358 907 507 979 regulares,
526 909 746 982 hermaphroditi
767 931 793 967 v.
813 913 998 968 unisexuales.
1045 914 1152 984 Sepola
1170 914 1232 976 2-6‚
1254 910 1353 983 sapius
1375 912 1437 973 4-5,
1458 907 1612 974 imbricata,

205 991 294 1045 rarius
308 991 471 1046 subvalvata
479 1012 505 1046 v.
519 993 548 1047 in
560 993 684 1065 calycem
696 993 888 1066 irregulariter
896 995 1083 1067 rumpendum
1093 995 1202 1059 coalita,
1213 994 1326 1049 demum
1337 992 1442 1049 reflexa
1450 1011 1476 1047 v.
1486 993 1612 1048 decidua.

199 1075 314 1128 'Patala
331 1078 350 1128 0
367 1094 392 1128 v.
406 1080 450 1129 tot
466 1082 535 1146 quot
553 1076 655 1147 sepala,
668 1096 694 1131 v.
708 1093 743 1132 00
761 1077 907 1133 imbricata
918 1096 945 1132 r.
960 1083 1095 1142 contorta,
1110 1078 1235 1133 decidua.
1275 1077 1403 1132 Stamina
1414 1076 1566 1149 hypogyna
1586 1094 1613 1130 v.

205 1157 251 1210 vix
271 1157 468 1229 subperigyna,
488 1158 634 1213 indefinita
649 1179 675 1213 v.
688 1161 778 1214 rarius
796 1160 930 1225 definita;
951 1161 1073 1216 antherae
1086 1161 1272 1224 2-loculares;
1291 1159 1390 1215 loculis
1402 1155 1473 1214 rima
1483 1178 1510 1214 v.
1523 1154 1613 1214 rarius

205 1258 274 1311 poro
286 1240 384 1311 apicali
397 1240 612 1295 dehiscentibus.
647 1244 734 1297 leros
747 1262 819 1314 saepe
828 1243 1019 1314 glandulosus,
1033 1245 1210 1307 incrassatus,
1221 1262 1246 1297 v.
1258 1245 1287 1297 in
1296 1243 1404 1298 discum
1417 1242 1612 1314 glandulosum

205 1340 231 1376 r.
246 1322 456 1393 eglandulosum
470 1343 616 1395 expansus.
657 1326 791 1382 Ouariam
808 1325 940 1390 liberum,
956 1326 1107 1382 l·loculare
1120 1346 1145 1380 v.
1158 1326 1299 1380 rarissime
1316 1327 1345 1380 iu
1357 1326 1462 1380 loculos
1475 1325 1612 1390 divisum3

205 1405 338 1477 placentae
358 1407 428 1460 2-00
440 1407 529 1460 rarius
548 1409 572 1470 1,
592 1407 750 1479 parietales,
763 1408 882 1464 lineares
900 1428 926 1462 v.
941 1408 1063 1464 dilatata
1081 1429 1107 1464 v.
1121 1408 1183 1480 plus
1202 1410 1294 1464 minus
1313 1410 1343 1463 in
1361 1410 1509 1464 cavitatem
1526 1409 1612 1462 intro-

205 1489 303 1543 missae.
344 1490 417 1561 styli
428 1507 478 1544 seu
488 1490 620 1560 stigmata
627 1496 672 1545 tot
684 1497 754 1562 quot
762 1491 906 1563 placentas,
918 1492 948 1546 in
957 1510 1043 1546 unum
1059 1493 1160 1548 coalita
1168 1511 1194 1546 v.
1209 1491 1270 1564 plus
1280 1493 1372 1546 minus
1382 1491 1480 1546 soluta.
1521 1491 1612 1545 Ouala

201 1572 275 1646 2-00
294 1573 323 1625 in
342 1590 451 1643 quaque
470 1573 607 1643 placenta,
628 1574 803 1646 amphitropa
814 1593 840 1628 v.
854 1581 996 1644 anatropa.
1034 1576 1157 1630 Fructus
1175 1594 1307 1631 carnosus
1324 1594 1350 1630 v.
1364 1575 1462 1638 siccus,
1475 1575 1505 1628 in
1517 1573 1611 1628 valvas

205 1653 297 1710 medio
314 1655 509 1726 placentiferas
523 1655 669 1710 dehiscens
681 1675 707 1710 v.
721 1657 905 1712 indehiscens.
945 1658 1056 1712 Semina
1068 1657 1153 1729 vulgo
1167 1677 1264 1729 pauca,
1277 1677 1350 1712 nunc
1369 1657 1479 1712 arillata
1490 1676 1516 1711 v.
1530 1661 1610 1712 extus

205 1737 336 1810 pulposa;
350 1739 481 1793 albumen
491 1756 645 1801 carnosum,
655 1739 745 1793 rarius
758 1746 851 1794 tenue.
877 1741 1000 1812 Embryo
1013 1739 1101 1804 axilis,
1114 1746 1209 1795 rectus
1219 1760 1245 1795 v.
1255 1741 1403 1805 incurvum
1416 1739 1542 1796 radicula
1553 1739 1612 1795 hilo

204 1822 347 1893 proxima3
367 1821 547 1893 cotyledones
559 1821 631 1885 lata,
646 1823 744 1893 saepius
758 1823 885 1877 cordata.

240 1905 364 1960 Arbores
385 1924 411 1959 v.
425 1903 550 1959 frutices.
587 1904 669 1960 Folia
687 1906 802 1970 alterna,
822 1906 967 1978 simplicia,
987 1905 1103 1962 dentata
1120 1926 1145 1961 v.
1160 1907 1250 1962 rarius
1268 1907 1458 1980 integerrima.
1496 1905 1611 1978 Stipulac

204 1987 328 2050 minuta,
339 1986 457 2051 caducae,
470 2007 496 2041 v.
510 1992 535 2042 0.
573 1987 671 2044 Flores
684 1989 813 2044 axillares
825 2009 851 2042 v,
862 1989 1031 2053 terminales,
1045 1989 1163 2044 solitarii
1175 2010 1200 2045 v.
1214 1991 1315 2064 sapius
1327 1988 1492 2054 fasciculati,
1505 2008 1611 2062 corym-

204 2071 274 2134 bosi,
288 2070 422 2125 racemosi
434 2089 460 2123 v.
473 2070 633 2142 paniculati.
678 2131 682 2136 ,

238 2167 336 2231 Species
347 2167 380 2215 ad
391 2169 448 2227 160,
459 2183 504 2232 per
515 2168 627 2231 regiones
639 2167 769 2216 calidiores
780 2167 904 2233 praecipue
914 2169 1022 2233 tropicas
1033 2170 1165 2234 utriusque
1176 2171 1245 2221 orbis
1255 2169 1383 2234 dispersa.

237 2245 349 2294 Bixineoe
360 2245 483 2295 normales
500 2246 645 2310 polyandra
662 2244 782 2295 differunt
799 2262 814 2294 a
829 2247 993 2310 Oappmideir
1010 2246 1146 2296 seminibus
1165 2248 1336 2307 albuminosis‚
1357 2265 1373 2297 a
1394 2247 1511 2297 caeam
1531 2246 1612 2296 ovulis

204 2339 256 2372 non
273 2323 435 2388 orthotropis,
448 2340 463 2372 a
477 2324 594 2372 littoreis
605 2323 691 2372 ovorio
707 2322 838 2373 l-loculari
853 2323 974 2389 placentis
988 2322 1158 2389 parietalibua
1175 2342 1190 2373 a
1208 2326 1369 2390 Somydacets
1384 2341 1448 2389 oegre
1464 2329 1612 2389 separantur

204 2401 294 2466 petalis
306 2401 367 2450 duur
379 2402 462 2451 adsint
476 2419 528 2451 non
539 2403 685 2467 sepaloideis
701 2407 726 2450 et
744 2403 893 2452 staminibus
904 2403 946 2452 vix
955 2403 1090 2468 perigynis‚
1102 2419 1118 2450 a
1129 2404 1291 2467 Possifloreis
1304 2403 1504 2479 ¹frutescantibus
1520 2420 1612 2453 corona

204 2479 282 2529 nulla.
317 2481 449 2529 Victoriae
460 2487 571 2530 ceterum
582 2482 655 2531 valde
667 2482 751 2531 affines
762 2481 882 2530 differunt
894 2498 909 2530 a
919 2480 1032 2529 Bixineis
1043 2481 1178 2545 oligandris
1189 2482 1301 2531 antherio
1319 2483 1385 2532 circa
1401 2483 1517 2532 orarium
1528 2481 1611 2532 conni-

205 2559 320 2609 ventibus
333 2561 485 2620 connatisva
499 2560 649 2608 Camellaceoe
662 2560 773 2609 authoris
784 2561 849 2610 circa
860 2561 1003 2609 columnam
1015 2565 1154 2609 extrorsum
1166 2561 1274 2610 adnatis.

771 2747 869 2782 FORMAE
886 2747 1039 2784 ABNORMES.

238 2852 311 2902 Folia
327 2853 459 2917 palmatim
475 2852 560 2902 lobata
571 2869 594 2901 v.
607 2850 746 2915 composita
762 2850 789 2898 in
804 2851 990 2914 Oocblospermo
1001 2856 1027 2901 et
1038 2853 1192 2900 Amoreuaio
1200 2875 1209 2909 ‚·
1227 2852 1287 2902 hinc
1304 2852 1364 2902 inde
1380 2852 1465 2901 lobata
1481 2851 1508 2900 in
1519 2852 1611 2910 maia,

205 2932 319 2996 Apbloa'o
331 2937 356 2981 et
367 2931 476 2995 Ponpto.

238 3011 327 3075 Sepala
337 3009 484 3059 subvolvata
495 3011 522 3058 in
534 3009 671 3066 Peridtaco,
683 3008 781 3066 Aemo,
795 3007 914 3070 Seolapia
920 3029 930 3066 ;
948 3007 975 3055 in
991 3007 1100 3072 calyoem
1111 3007 1223 3071 primum
1241 3009 1354 3058 clausum
1370 3009 1473 3057 demum
1489 3008 1558 3057 varie
1569 3008 1611 3057 de·

205 3091 342 3138 hiscentem
354 3088 445 3136 coalita
455 3087 481 3134 iu
495 3088 616 3150 Panyasis
627 3086 751 3150 plurimis.

239 3168 325 3217 Petale
337 3167 427 3215 desunt
437 3165 464 3213 in
476 3165 585 3229 Ryaaia,
598 3162 686 3222 Latia,
699 3163 787 3224 Laelia,
799 3165 920 3227 Aptloia,
932 3164 1068 3224 Peridiacm
1080 3165 1175 3223 Asara,
1188 3165 1251 3214 etin
1263 3166 1451 3230 Eafiaeourtieis
1462 3165 1594 3229 plerisque.

239 3247 354 3310 Squama
366 3243 512 3309 petaloidcae
523 3243 590 3291 intus
602 3243 691 3307 petalis
702 3245 848 3309 anteposita
860 3261 883 3291 v.
896 3243 994 3292 adnatae
1006 3243 1033 3291 in
1044 3243 1173 3305 Ponpieis,
1185 3244 1275 3307 petalis
1286 3245 1388 3293 alterne
1400 3244 1426 3292 in
1438 3243 1582 3292 Bawsoaia.

241 3325 356 3373 Stamina
370 3323 474 3370 definita
484 3339 508 3370 v.
521 3321 674 3370 subdefiuita
687 3322 715 3369 in
729 3323 822 3370 Azara
838 3322 918 3386 specie
934 3338 991 3388 una,
1007 3322 1034 3369 in
1045 3322 1264 3386 Eratbrorpermo,
1283 3323 1424 3386 Berysmia,
1439 3322 1612 3380 normania,

207 3410 233 3452 ct
245 3404 421 3467 Hydnocorpo.

240 3481 359 3530 Antherae
369 3495 432 3543 poro
443 3477 533 3542 apioali
543 3494 566 3526 v.
578 3477 648 3526 rimis
659 3478 774 3527 brevibus
787 3477 941 3527 dehiscentes
951 3477 978 3525 in
992 3477 1185 3540 Goellospermo,
1200 3476 1360 3536 Amoreasic,
1372 3482 1398 3526 et
1408 3476 1484 3525 Bima.

241 3559 332 3608 Discus
343 3557 400 3622 plus
412 3558 494 3605 minus
505 3556 657 3622 prominens,
674 3557 835 3621 glaudulosus
851 3573 875 3604 v.
888 3556 1071 3620 eglandulosus,
1084 3557 1193 3604 stamina
1211 3555 1290 3604 ferens
1301 3574 1324 3604 v.
1341 3557 1497 3606 subextcrior
1514 3557 1541 3605 in
1553 3556 1613 3604 Flo·

207 3638 323 3686 coartieia
334 3635 465 3701 plurimis;
484 3635 614 3700 glandulas
633 3635 758 3699 stipitatas
774 3650 887 3684 exserens
902 3635 929 3682 in
939 3634 1063 3680 Bermetia
1069 3655 1078 3690 ‚·
1097 3633 1165 3681 intra
1176 3633 1283 3682 stamina
1295 3634 1443 3699 hypogynus
1454 3635 1481 3683 in
1493 3635 1596 3700 Ryanio
1602 3657 1612 3692 ,·

207 3716 335 3766 annularis
347 3718 372 3763 et
383 3715 468 3763 orario
480 3714 587 3762 adnatus
598 3714 624 3762 in
638 3714 774 3761 Peridiaco.

242 3794 365 3843 Ovarium
377 3793 403 3841 iu
414 3792 508 3842 loculos
520 3791 626 3856 perfecte
638 3791 747 3839 divisum
758 3789 785 3837 in
796 3788 954 3848 Flaeoortia,
967 3789 1129 3851 Amoreoaia,
1141 3795 1166 3838 et
1181 3791 1208 3838 in
1222 3790 1416 3854 Coetlospermis
1427 3792 1563 3841 nonnullis.

241 3872 306 3938 Styli
316 3889 340 3921 v.
352 3872 411 3936 styli
421 3872 485 3920 rami
497 3868 816 3919 2-fldi10bis1aciniatisin
830 3867 1002 3931 Deadsrostyli,
1017 3871 1042 3916 et
1053 3869 1153 3918 brevius
1165 3869 1237 3917 aridi
1249 3870 1275 3919 in
1294 3870 1397 3919 Oneodae
1415 3873 1496 3938 specie
1511 3871 1614 3935 aliisque

207 3968 303 4016 paucrs.

241 4031 342 4079 Semina
353 4028 488 4087 cochleata,
500 4033 573 4076 extus
583 4024 724 4091 gossypina
736 4023 763 4070 in
777 4021 969 4088 Coeblospermo.

242 4108 369 4159 Albumen
381 4112 456 4157 tenue
467 4107 494 4154 in
506 4105 619 4169 Aptloic
630 4107 655 4151 et
666 4102 731 4151 forte
742 4100 769 4149 in
781 4099 871 4150 Laertia

719 4310 917 4353 CONSPEO'PUS
941 4309 1106 4352 GENERUM.

241 4437 352 4485 'l'ribus
370 4436 395 4483 1.
419 4435 531 4483 Bixese.
566 4432 652 4481 Flores
669 4431 903 4495 hermaphroditiv.
916 4432 997 4480 rarius
1015 4431 1149 4497 polygami.
1184 4433 1272 4482 Patala
1288 4433 1378 4498 ampla,
1391 4435 1542 4496 ecquosnam,
1554 4444 1612 4477 oon-

208 4521 282 4565 torta.
317 4514 437 4564 Anthene
452 4513 593 4561 linearesv.
606 4510 726 4572 oblonga,
739 4508 809 4572 apice
826 4512 948 4573 2·porosae
965 4524 988 4559 r.
1001 4510 1110 4560 breviter
1127 4512 1244 4560 Perelves.
1276 4510 1387 4576 Ospaula
1400 4506 1611 4580 valratimdahis·

208 4612 281 4654 cens;
295 4592 447 4656 endocarpio
457 4591 656 4647 membranaceo,
668 4585 776 4635 solubili

309 4675 332 4721 1.
351 4671 599 4720 Cocuuosrnmrora
633 4665 759 4714 Placentae
778 4663 806 4712 in
823 4664 930 4715 cavitate
947 4667 1116 4730 prominentes
1133 4683 1157 4715 v.
1168 4666 1226 4730 plus
1245 4665 1329 4713 minus
1349 4669 1480 4728 connata,
1504 4663 1613 4727 Oapsula

275 4751 388 4802 3-valvis.
424 4747 525 4797 Semina
544 4743 679 4803 cochleata,
697 4741 777 4806 pilosa
794 4760 817 4792 v.
835 4743 928 4794 lanata.
962 4744 1035 4795 Folia
1053 4742 1210 4811 palmatilida
1226 4759 1250 4790 v.
1271 4742 1496 4806 digitum-Orbis
1513 4745 1613 4806 aterque

276 4832 393 4878 intertro
414 4863 419 4873 .
955 4837 957 4841 ·

308 4912 331 4956 2.
350 4844 527 4955 Aradarum.
563 4899 685 4949 Ovarium
697 4902 723 4948 at
734 4900 837 4963 capsula
848 4898 999 4950 3·locularia.
1034 4898 1136 4948 Semina
1147 4902 1214 4947 rectu
1225 4915 1249 4947 v.
1261 4899 1303 4949 vix
1314 4898 1426 4962 incurva,
1438 4901 1515 4950 nudo.
1542 4899 1613 4950 Folia

275 4980 558 5048 sumamma-Ama.
572 4982 634 5041 trop.
647 4981 671 5026 et
682 4975 789 5026 Meaico.
