3556 5580
653 1293 1121 1388 Pannonium.
1168 1236 1172 1241 ⁵

785 1573 986 1609 ...4-

188 1781 342 1848 Lluunus
359 1783 487 1848 Geticas
509 1785 659 1850 inventor
672 1785 755 1864 fuit3
783 1807 871 1870 ergo,
887 1785 1019 1848 nomina
1038 1784 1084 1848 sic
1104 1783 1191 1848 dicta
1210 1781 1359 1869 generica
1372 1780 1582 1846 aute-Linus·
1600 1853 1608 1866 ,

188 1929 259 1984 ana,
269 1930 330 1972 nec
345 1909 386 1972 ab
401 1910 455 1973 illo
470 1932 530 1974 nec
545 1911 586 1974 ab
602 1911 785 1974 auctoribus
798 1909 1030 1995 posterioribus
1041 1908 1213 1987 vindicata,
1224 1907 1354 1972 omnino
1368 1906 1582 1992 negleximus,

188 2036 221 2094 et
236 2053 355 2096 nomen
377 2033 562 2117 genericum
576 2056 608 2097 v.
624 2033 757 2097 Linnaeo
777 2057 808 2097 v.
824 2033 870 2095 illi
895 2032 1019 2096 auctori
1043 2032 1226 2111 tribuimus,
1250 2054 1353 2118 aquo
1375 2032 1515 2117 primum
1541 2029 1584 2094 ad

187 2177 334 2219 normam
350 2157 548 2222 Linneanam
563 2158 743 2221 adhibitum
757 2157 864 2221 fuerit.

233 2279 323 2365 Opus
338 2281 394 2344 ubi
410 2304 513 2366 genus
527 2283 669 2367 primum
684 2305 703 2345 a
717 2281 851 2344 Linnaeo
866 2304 897 2345 v.
911 2286 987 2366 post
1002 2280 1171 2344 Linnaeum
1189 2280 1319 2344 nomine
1339 2264 1502 2364 signatum
1522 2285 1582 2358 est,

189 2405 249 2467 sub
264 2406 394 2469 nomine
413 2406 484 2491 ipso
501 2406 680 2506 citavimus.
724 2404 780 2468 Ad
795 2406 913 2468 calcem
929 2407 1056 2490 generis
1070 2406 1203 2491 insuper
1218 2405 1405 2470 citavimus:
1430 2406 1459 2468 1.
1482 2404 1584 2468 Volu-

189 2550 264 2591 men
279 2529 447 2592 Prodromi
459 2528 665 2592 Candolleani
676 2552 707 2592 v.
719 2529 1015 2614 supplementorum
1024 2529 1319 2613 Walpersianorum
1333 2529 1390 2592 ubi
1405 2529 1585 2614 specierum

189 2653 385 2716 enumeratio
399 2653 618 2717 recentissima
630 2654 800 2732 invenitur,
809 2677 840 2717 v.
852 2653 973 2737 species
987 2657 1062 2737 post
1077 2653 1348 2717 enumerationem
1362 2674 1455 2716 novae
1466 2675 1496 2716 v.
1508 2640 1583 2716 cha·
1631 2655 1632 2658 ’

188 2782 326 2841 racteres
341 2777 488 2841 meliores
503 2777 672 2840 addentur.
718 2779 749 2840 2.
774 2776 880 2861 Opera
900 2776 1055 2839 nonnulla
1068 2776 1246 2840 recentiora
1266 2777 1323 2840 ubi
1345 2777 1468 2863 species
1489 2798 1584 2842 novae

187 2900 331 2985 insignes
346 2924 377 2965 v.
393 2923 573 2965 numerosae
593 2901 763 2985 descriptae
779 2901 854 2964 sint.
886 2901 917 2964 3.
941 2901 1054 2964 Icones
1069 2901 1238 2964 nonnullas
1254 2922 1272 2964 e
1287 2901 1471 2964 melioribus
1489 2901 1584 2965 nobis

188 3025 320 3088 notisv.
337 3025 542 3109 exoperibus
560 3024 673 3087 melius
693 3024 778 3087 notis
795 3030 949 3108 sumptas.
995 3023 1070 3087 Non
1091 3030 1201 3088 tamen
1222 3047 1399 3088 memorare
1420 3026 1584 3110 potuimus

188 3170 248 3211 nec
263 3147 376 3211 Icones
399 3170 509 3211 omnes
532 3147 709 3232 evulgatas,
729 3169 790 3212 nec
811 3169 908 3232 opera
929 3147 1036 3210 omnia
1057 3147 1113 3210 ubi
1135 3147 1256 3232 species
1277 3154 1352 3232 post
1367 3148 1584 3233 Walpersium

189 3272 358 3358 descriptae
372 3294 404 3335 v.
416 3271 584 3335 illustratae
600 3273 674 3350 sint,
688 3270 774 3356 quod
789 3271 817 3334 si
835 3272 1031 3334 enumeratio
1050 3271 1226 3359 specierum
1241 3271 1327 3335 adsit
1341 3272 1402 3335 illis
1419 3269 1585 3337 (landollei

188 3420 219 3460 v.
236 3397 408 3482 Walpersii
422 3396 580 3460 recentior
593 3397 676 3458 hanc
692 3396 792 3459 solam
807 3395 985 3459 citavimus.

234 3520 420 3605 Synonyma
444 3542 530 3599 vera,
553 3541 616 3604 eg.
635 3519 766 3582 nomina
787 3519 935 3604 generice
956 3525 1090 3598 mutata,
1106 3542 1137 3583 v.
1154 3542 1273 3605 genera
1295 3518 1337 3582 ad
1359 3519 1488 3583 easdem
1510 3542 1583 3605 spe-

190 3645 253 3708 cies
275 3645 449 3731 proposita,
472 3650 548 3730 post
569 3666 688 3707 nomen
710 3644 895 3728 genericum
916 3643 1002 3706 intra
1020 3644 1030 3726 (
1046 3645 1056 3725 )
1075 3643 1232 3707 dabimus.
1279 3642 1404 3708 Genera
1423 3645 1584 3709 characte-

188 3767 278 3830 ribus
292 3767 419 3831 levioris
434 3767 589 3831 momenti
604 3774 759 3852 separata,
775 3789 806 3830 v.
823 3765 865 3828 ad
886 3767 1083 3830 characteres
1104 3767 1201 3830 falsos
1223 3767 1370 3845 limitata,
1386 3790 1406 3830 a
1427 3769 1520 3831 nobis
1543 3768 1585 3832 ad

189 3915 293 3976 genus
311 3893 454 3976 typicum
472 3891 607 3955 reducta
620 3914 650 3954 v.
666 3913 725 3975 pro
744 3889 812 3974 ejus
831 3890 1024 3954 sectionibus
1042 3891 1163 3971 habita,
1181 3891 1266 3954 inter
1284 3891 1523 3956 observationes
1543 3892 1586 3956 ad

188 4016 308 4080 calcem
324 4015 450 4100 generis
465 4015 722 4078 memoravimus.

233 4139 441 4204 Characteres
457 4138 623 4224 genericos
640 4138 756 4223 saepius
772 4136 814 4200 ad
827 4137 1022 4221 exemplaria
1036 4136 1215 4221 specierum
1229 4138 1370 4223 plurium
1385 4139 1585 4204 confirmavi-

187 4288 270 4328 mus.
307 4265 343 4329 Si
358 4265 534 4346 specimina
544 4263 638 4326 nobis
649 4261 735 4324 haud
746 4261 917 4325 adfuerunt
928 4285 959 4325 v.
970 4262 1151 4326 examinare
1162 4284 1228 4325 non
1238 4262 1412 4347 potuimus,
1423 4270 1586 4328 auctorem

187 4391 398 4454 indicavimus
414 4389 504 4473 cujus
519 4389 768 4473 descriptionem
783 4386 885 4450 secuti
900 4385 1009 4449 simus.

233 4513 358 4578 Genera
384 4536 456 4599 quae
483 4514 524 4577 ob
551 4514 750 4576 characteres
774 4532 904 4574 mancos
926 4533 957 4573 v.
980 4510 1077 4573 falsos
1100 4509 1188 4572 haud
1210 4532 1440 4595 recognoscere
1466 4534 1527 4576 nec
1551 4513 1586 4575 in

186 4646 360 4724 systemate
376 4640 530 4702 collocare
545 4637 719 4722 potuimus,
736 4635 778 4698 ad
793 4637 913 4700 calcem
929 4656 1102 4719 synopseos
1125 4635 1256 4720 cujusve
1272 4634 1403 4698 Ordinis
1423 4636 1509 4699 inter
1528 4658 1585 4721 ge-

186 4786 264 4826 nera
279 4763 377 4826 dubia
392 4763 658 4826 enumeravimus,

233 4887 300 4951 Sub
326 4887 452 4951 silentio
477 4887 699 4972 praeterimus:
728 4886 757 4949 1.
781 4883 924 4949 Nomina
947 4881 1131 4946 sectionalia
1158 4905 1217 4968 pro
1246 4883 1418 4968 generibus
1447 4885 1585 4969 propriis
