<?xml version="1.0" encoding="UTF-8"?>
<!DOCTYPE html PUBLIC "-//W3C//DTD XHTML 1.0 Transitional//EN"
    "http://www.w3.org/TR/xhtml1/DTD/xhtml1-transitional.dtd">
<html xmlns="http://www.w3.org/1999/xhtml" xml:lang="en" lang="en">
 <head>
  <title>
</title>
<meta http-equiv="Content-Type" content="text/html;charset=utf-8" />
  <meta name='ocr-system' content='tesseract 3.04.00' />
  <meta name='ocr-capabilities' content='ocr_page ocr_carea ocr_par ocr_line ocrx_word'/>
</head>
<body>
  <div class='ocr_page' id='page_1' title='image "./generaplantarum01hookgoog_0023.png"; bbox 0 0 3556 5580; ppageno 0'>
   <div class='ocr_carea' id='block_1_1' title="bbox 188 305 1587 377">
    <p class='ocr_par' dir='ltr' id='par_1_1' title="bbox 188 305 1587 377">
     <span class='ocr_line' id='line_1_1' title="bbox 188 305 1587 377; baseline -0.009 -7"><span class='ocrx_word' id='word_1_1' title='bbox 188 311 205 362; x_wconf 78' lang='grc'><strong>6</strong></span> <span class='ocrx_word' id='word_1_2' title='bbox 701 311 726 366; x_wconf 93' lang='lat'>1.</span> <span class='ocrx_word' id='word_1_3' title='bbox 745 311 1093 370; x_wconf 76' lang='lat' dir='ltr'>RANUNOULAOEAE.</span> <span class='ocrx_word' id='word_1_4' title='bbox 1379 305 1587 377; x_wconf 66' lang='lat' dir='ltr'>[cananaea.</span> 
     </span>
    </p>
   </div>
   <div class='ocr_carea' id='block_1_2' title="bbox 186 453 1590 2636">
    <p class='ocr_par' dir='ltr' id='par_1_2' title="bbox 187 453 1587 605">
     <span class='ocr_line' id='line_1_2' title="bbox 188 453 1587 528; baseline -0.003 -22"><span class='ocrx_word' id='word_1_5' title='bbox 188 456 281 522; x_wconf 89' lang='lat' dir='ltr'>species</span> <span class='ocrx_word' id='word_1_6' title='bbox 292 456 399 508; x_wconf 86' lang='lat' dir='ltr'>includit</span> <span class='ocrx_word' id='word_1_7' title='bbox 409 473 510 523; x_wconf 85' lang='lat' dir='ltr'>paucas,</span> <span class='ocrx_word' id='word_1_8' title='bbox 521 458 688 510; x_wconf 81' lang='lat' dir='ltr'>verisimiliter</span> <span class='ocrx_word' id='word_1_9' title='bbox 699 460 732 509; x_wconf 89' lang='lat' dir='ltr'>ad</span> <span class='ocrx_word' id='word_1_10' title='bbox 743 461 757 508; x_wconf 97' lang='lat'>1</span> <span class='ocrx_word' id='word_1_11' title='bbox 769 477 793 511; x_wconf 82' lang='lat' dir='ltr'>r.</span> <span class='ocrx_word' id='word_1_12' title='bbox 806 464 822 510; x_wconf 84' lang='lat'>2</span> <span class='ocrx_word' id='word_1_13' title='bbox 833 461 993 524; x_wconf 84' lang='lat' dir='ltr'>reducendae,</span> <span class='ocrx_word' id='word_1_14' title='bbox 1005 461 1138 528; x_wconf 86' lang='lat' dir='ltr'>aquaticas,</span> <span class='ocrx_word' id='word_1_15' title='bbox 1149 475 1194 527; x_wconf 88' lang='lat' dir='ltr'>per</span> <span class='ocrx_word' id='word_1_16' title='bbox 1204 461 1288 510; x_wconf 88' lang='lat' dir='ltr'>toturn</span> <span class='ocrx_word' id='word_1_17' title='bbox 1298 455 1349 506; x_wconf 78' lang='lat' dir='ltr'>tere</span> <span class='ocrx_word' id='word_1_18' title='bbox 1358 453 1444 507; x_wconf 87' lang='lat' dir='ltr'>orbem</span> <span class='ocrx_word' id='word_1_19' title='bbox 1456 453 1587 518; x_wconf 63' lang='lat' dir='ltr'>capsam</span> 
     </span>
     <span class='ocr_line' id='line_1_3' title="bbox 187 534 1275 605; baseline 0.002 -22"><span class='ocrx_word' id='word_1_20' title='bbox 187 539 214 583; x_wconf 89' lang='lat' dir='ltr'>at</span> <span class='ocrx_word' id='word_1_21' title='bbox 225 534 267 584; x_wconf 79' lang='lat' dir='ltr'>vix</span> <span class='ocrx_word' id='word_1_22' title='bbox 277 535 327 584; x_wconf 88' lang='lat' dir='ltr'>nisi</span> <span class='ocrx_word' id='word_1_23' title='bbox 337 536 446 585; x_wconf 88' lang='lat' dir='ltr'>acheniis</span> <span class='ocrx_word' id='word_1_24' title='bbox 456 541 596 587; x_wconf 79' lang='lat' dir='ltr'><strong>transverse</strong></span> <span class='ocrx_word' id='word_1_25' title='bbox 605 538 801 602; x_wconf 84' lang='lat' dir='ltr'>rugoso-strictis</span> <span class='ocrx_word' id='word_1_26' title='bbox 812 556 828 587; x_wconf 90' lang='lat' dir='ltr'>a</span> <span class='ocrx_word' id='word_1_27' title='bbox 838 540 932 588; x_wconf 75' lang='lat' dir='ltr'>ceteris</span> <span class='ocrx_word' id='word_1_28' title='bbox 943 541 1069 605; x_wconf 79' lang='lat' dir='ltr'>speciebus</span> <span class='ocrx_word' id='word_1_29' title='bbox 1080 536 1275 604; x_wconf 85' lang='lat' dir='ltr'>distinguendas.</span> 
     </span>
    </p>

    <p class='ocr_par' dir='ltr' id='par_1_3' title="bbox 187 609 1589 1152">
     <span class='ocr_line' id='line_1_4' title="bbox 222 609 1588 683; baseline -0.001 -23"><span class='ocrx_word' id='word_1_30' title='bbox 222 612 480 676; x_wconf 77' lang='lat' dir='ltr'>Oamrooarnsaus,</span> <span class='ocrx_word' id='word_1_31' title='bbox 490 616 591 664; x_wconf 79' lang='lat' dir='ltr'>Monet.</span> <span class='ocrx_word' id='word_1_32' title='bbox 604 633 634 665; x_wconf 80' lang='lat' dir='ltr'>ec</span> <span class='ocrx_word' id='word_1_33' title='bbox 645 617 701 664; x_wconf 82' lang='lat' dir='ltr'>Dc.</span> <span class='ocrx_word' id='word_1_34' title='bbox 715 617 779 681; x_wconf 74' lang='lat' dir='ltr'>Syri.</span> <span class='ocrx_word' id='word_1_35' title='bbox 797 618 853 681; x_wconf 69' lang='lat' dir='ltr'>Vey.</span> <span class='ocrx_word' id='word_1_36' title='bbox 866 619 882 666; x_wconf 87' lang='lat' dir='ltr'>i.</span> <span class='ocrx_word' id='word_1_37' title='bbox 890 621 947 677; x_wconf 84' lang='grc'>230,</span> <span class='ocrx_word' id='word_1_38' title='bbox 959 618 1051 683; x_wconf 89' lang='lat' dir='ltr'>species</span> <span class='ocrx_word' id='word_1_39' title='bbox 1063 619 1215 682; x_wconf 89' lang='lat' dir='ltr'>amplectens</span> <span class='ocrx_word' id='word_1_40' title='bbox 1227 615 1242 666; x_wconf 82' lang='lat'>7</span> <span class='ocrx_word' id='word_1_41' title='bbox 1254 615 1286 663; x_wconf 90' lang='lat' dir='ltr'>ab</span> <span class='ocrx_word' id='word_1_42' title='bbox 1297 611 1439 662; x_wconf 88' lang='lat' dir='ltr'>auctoribus</span> <span class='ocrx_word' id='word_1_43' title='bbox 1451 609 1588 672; x_wconf 80' lang='lat' dir='ltr'>descriptas</span> 
     </span>
     <span class='ocr_line' id='line_1_5' title="bbox 191 687 1588 761; baseline -0.003 -23"><span class='ocrx_word' id='word_1_44' title='bbox 191 689 287 754; x_wconf 83' lang='lat' dir='ltr'>(Walp.</span> <span class='ocrx_word' id='word_1_45' title='bbox 297 694 364 740; x_wconf 79' lang='lat' dir='ltr'>Aoo.</span> <span class='ocrx_word' id='word_1_46' title='bbox 371 692 397 741; x_wconf 93' lang='lat' dir='ltr'>ii.</span> <span class='ocrx_word' id='word_1_47' title='bbox 410 692 453 756; x_wconf 90' lang='lat'>19)</span> <span class='ocrx_word' id='word_1_48' title='bbox 463 694 505 742; x_wconf 88' lang='lat' dir='ltr'>sed</span> <span class='ocrx_word' id='word_1_49' title='bbox 517 693 581 743; x_wconf 87' lang='lat' dir='ltr'>forte</span> <span class='ocrx_word' id='word_1_50' title='bbox 591 694 618 743; x_wconf 90' lang='lat' dir='ltr'>in</span> <span class='ocrx_word' id='word_1_51' title='bbox 629 710 709 743; x_wconf 90' lang='lat' dir='ltr'>unum</span> <span class='ocrx_word' id='word_1_52' title='bbox 721 695 913 760; x_wconf 86' lang='lat' dir='ltr'>conjungendas,</span> <span class='ocrx_word' id='word_1_53' title='bbox 920 697 1058 761; x_wconf 80' lang='lat' dir='ltr'>quuropa</span> <span class='ocrx_word' id='word_1_54' title='bbox 1068 711 1092 745; x_wconf 90' lang='lat' dir='ltr'>v.</span> <span class='ocrx_word' id='word_1_55' title='bbox 1101 695 1162 744; x_wconf 80' lang='lat' dir='ltr'>Asia</span> <span class='ocrx_word' id='word_1_56' title='bbox 1172 693 1256 743; x_wconf 89' lang='lat' dir='ltr'>media</span> <span class='ocrx_word' id='word_1_57' title='bbox 1264 695 1401 741; x_wconf 90' lang='lat' dir='ltr'>crescentes</span> <span class='ocrx_word' id='word_1_58' title='bbox 1407 689 1468 738; x_wconf 90' lang='lat' dir='ltr'>olim</span> <span class='ocrx_word' id='word_1_59' title='bbox 1477 687 1588 752; x_wconf 83' lang='lat' dir='ltr'>generice</span> 
     </span>
     <span class='ocr_line' id='line_1_6' title="bbox 188 767 1587 838; baseline -0.002 -22"><span class='ocrx_word' id='word_1_60' title='bbox 188 767 389 834; x_wconf 76' lang='lat' dir='ltr'>distinguebatur</span> <span class='ocrx_word' id='word_1_61' title='bbox 406 771 513 821; x_wconf 87' lang='lat' dir='ltr'>acheniis</span> <span class='ocrx_word' id='word_1_62' title='bbox 525 773 770 835; x_wconf 75' lang='lat' dir='ltr'>rostrato-cornutis,</span> <span class='ocrx_word' id='word_1_63' title='bbox 789 773 832 823; x_wconf 92' lang='lat' dir='ltr'>sed</span> <span class='ocrx_word' id='word_1_64' title='bbox 842 775 884 823; x_wconf 92' lang='lat' dir='ltr'>hic</span> <span class='ocrx_word' id='word_1_65' title='bbox 895 774 1024 823; x_wconf 76' lang='lat' dir='ltr'>character</span> <span class='ocrx_word' id='word_1_66' title='bbox 1034 790 1086 822; x_wconf 91' lang='lat' dir='ltr'>nou</span> <span class='ocrx_word' id='word_1_67' title='bbox 1096 773 1176 838; x_wconf 88' lang='lat' dir='ltr'>magis</span> <span class='ocrx_word' id='word_1_68' title='bbox 1187 787 1262 838; x_wconf 87' lang='lat' dir='ltr'>quam</span> <span class='ocrx_word' id='word_1_69' title='bbox 1274 770 1301 818; x_wconf 91' lang='lat' dir='ltr'>in</span> <span class='ocrx_word' id='word_1_70' title='bbox 1316 771 1342 818; x_wconf 87' lang='lat' dir='ltr'>R.</span> <span class='ocrx_word' id='word_1_71' title='bbox 1358 768 1476 817; x_wconf 77' lang='lat' dir='ltr'>orientali</span> <span class='ocrx_word' id='word_1_72' title='bbox 1490 772 1515 815; x_wconf 90' lang='lat' dir='ltr'>et</span> <span class='ocrx_word' id='word_1_73' title='bbox 1526 781 1587 830; x_wconf 86' lang='lat' dir='ltr'>prae-</span> 
     </span>
     <span class='ocr_line' id='line_1_7' title="bbox 189 844 1589 916; baseline -0.003 -22"><span class='ocrx_word' id='word_1_74' title='bbox 189 848 274 895; x_wconf 89' lang='lat' dir='ltr'>sertim</span> <span class='ocrx_word' id='word_1_75' title='bbox 285 847 311 896; x_wconf 90' lang='lat' dir='ltr'>in</span> <span class='ocrx_word' id='word_1_76' title='bbox 326 848 357 897; x_wconf 82' lang='lat' dir='ltr'>R.</span> <span class='ocrx_word' id='word_1_77' title='bbox 373 854 475 900; x_wconf 75' lang='lat' dir='ltr'>cornuto</span> <span class='ocrx_word' id='word_1_78' title='bbox 493 851 646 912; x_wconf 89' lang='lat' dir='ltr'>observatur,</span> <span class='ocrx_word' id='word_1_79' title='bbox 661 855 686 900; x_wconf 90' lang='lat' dir='ltr'>et</span> <span class='ocrx_word' id='word_1_80' title='bbox 697 852 799 916; x_wconf 85' lang='lat' dir='ltr'>insuper</span> <span class='ocrx_word' id='word_1_81' title='bbox 809 853 837 900; x_wconf 90' lang='lat' dir='ltr'>iu</span> <span class='ocrx_word' id='word_1_82' title='bbox 847 852 901 901; x_wconf 89' lang='lat' dir='ltr'>aliis</span> <span class='ocrx_word' id='word_1_83' title='bbox 913 852 1039 916; x_wconf 78' lang='lat' dir='ltr'>speciebus</span> <span class='ocrx_word' id='word_1_84' title='bbox 1050 851 1135 900; x_wconf 80' lang='lat' dir='ltr'>forma</span> <span class='ocrx_word' id='word_1_85' title='bbox 1146 849 1298 900; x_wconf 76' lang='lat' dir='ltr'>intermediae</span> <span class='ocrx_word' id='word_1_86' title='bbox 1315 849 1457 896; x_wconf 89' lang='lat' dir='ltr'>occurrunt.</span> <span class='ocrx_word' id='word_1_87' title='bbox 1490 844 1589 892; x_wconf 86' lang='lat' dir='ltr'>Eadem</span> 
     </span>
     <span class='ocr_line' id='line_1_8' title="bbox 187 923 1588 993; baseline -0.002 -21"><span class='ocrx_word' id='word_1_88' title='bbox 187 925 465 987; x_wconf 78' lang='lat' dir='ltr'>ratione,X1rrrocons</span> <span class='ocrx_word' id='word_1_89' title='bbox 474 929 710 990; x_wconf 76' lang='lat' dir='ltr'>etGauPsocanss,</span> <span class='ocrx_word' id='word_1_90' title='bbox 719 929 783 980; x_wconf 79' lang='lat' dir='ltr'>Stoa.</span> <span class='ocrx_word' id='word_1_91' title='bbox 792 931 819 978; x_wconf 83' lang='lat' dir='ltr'>io</span> <span class='ocrx_word' id='word_1_92' title='bbox 826 930 896 978; x_wconf 77' lang='lat' dir='ltr'>Bell.</span> <span class='ocrx_word' id='word_1_93' title='bbox 904 931 985 993; x_wconf 80' lang='lat' dir='ltr'>Mosq.</span> <span class='ocrx_word' id='word_1_94' title='bbox 997 932 1069 992; x_wconf 85' lang='grc'>1852,</span> <span class='ocrx_word' id='word_1_95' title='bbox 1077 934 1094 977; x_wconf 81' lang='lat' dir='ltr'>t.</span> <span class='ocrx_word' id='word_1_96' title='bbox 1102 928 1127 993; x_wconf 93' lang='grc'>7,</span> <span class='ocrx_word' id='word_1_97' title='bbox 1136 944 1225 993; x_wconf 88' lang='lat' dir='ltr'>genera</span> <span class='ocrx_word' id='word_1_98' title='bbox 1231 928 1263 976; x_wconf 92' lang='lat' dir='ltr'>ad</span> <span class='ocrx_word' id='word_1_99' title='bbox 1270 928 1369 977; x_wconf 90' lang='lat' dir='ltr'>easdem</span> <span class='ocrx_word' id='word_1_100' title='bbox 1378 924 1470 988; x_wconf 90' lang='lat' dir='ltr'>species</span> <span class='ocrx_word' id='word_1_101' title='bbox 1479 923 1588 981; x_wconf 86' lang='lat' dir='ltr'>condita,</span> 
     </span>
     <span class='ocr_line' id='line_1_9' title="bbox 187 1001 1588 1072; baseline 0.002 -21"><span class='ocrx_word' id='word_1_102' title='bbox 187 1003 280 1052; x_wconf 88' lang='lat' dir='ltr'>iterum</span> <span class='ocrx_word' id='word_1_103' title='bbox 295 1020 353 1053; x_wconf 91' lang='lat' dir='ltr'>cum</span> <span class='ocrx_word' id='word_1_104' title='bbox 365 1005 508 1055; x_wconf 57' lang='lat' dir='ltr'>&amp;sanccio</span> <span class='ocrx_word' id='word_1_105' title='bbox 515 1009 644 1072; x_wconf 83' lang='lat' dir='ltr'>jungenda</span> <span class='ocrx_word' id='word_1_106' title='bbox 654 1008 726 1057; x_wconf 89' lang='lat' dir='ltr'>erint.</span> <span class='ocrx_word' id='word_1_107' title='bbox 760 1009 813 1058; x_wconf 83' lang='lat' dir='ltr'>Nee</span> <span class='ocrx_word' id='word_1_108' title='bbox 824 1009 975 1058; x_wconf 85' lang='lat' dir='ltr'>vindicanda</span> <span class='ocrx_word' id='word_1_109' title='bbox 986 1009 1103 1057; x_wconf 87' lang='lat' dir='ltr'>videntur</span> <span class='ocrx_word' id='word_1_110' title='bbox 1113 1023 1202 1072; x_wconf 83' lang='lat' dir='ltr'>genera</span> <span class='ocrx_word' id='word_1_111' title='bbox 1208 1007 1386 1064; x_wconf 66' lang='lat' dir='ltr'>Paeanem,</span> <span class='ocrx_word' id='word_1_112' title='bbox 1396 1002 1477 1066; x_wconf 74' lang='lat' dir='ltr'>Spocl</span> <span class='ocrx_word' id='word_1_113' title='bbox 1488 1003 1515 1049; x_wconf 76' lang='lat' dir='ltr'>ic</span> <span class='ocrx_word' id='word_1_114' title='bbox 1525 1001 1588 1049; x_wconf 65' lang='lat' dir='ltr'>Suil-</span> 
     </span>
     <span class='ocr_line' id='line_1_10' title="bbox 188 1081 1455 1152; baseline 0 -24"><span class='ocrx_word' id='word_1_115' title='bbox 188 1081 257 1147; x_wconf 75' lang='lat' dir='ltr'>Buff</span> <span class='ocrx_word' id='word_1_116' title='bbox 269 1082 310 1131; x_wconf 87' lang='lat' dir='ltr'>vii.</span> <span class='ocrx_word' id='word_1_117' title='bbox 323 1085 380 1145; x_wconf 85' lang='grc'>194,</span> <span class='ocrx_word' id='word_1_118' title='bbox 392 1084 425 1133; x_wconf 91' lang='lat' dir='ltr'>ad</span> <span class='ocrx_word' id='word_1_119' title='bbox 437 1087 469 1134; x_wconf 82' lang='lat' dir='ltr'>R.</span> <span class='ocrx_word' id='word_1_120' title='bbox 482 1103 614 1148; x_wconf 73' lang='lat' dir='ltr'>mensem,</span> <span class='ocrx_word' id='word_1_121' title='bbox 626 1103 671 1135; x_wconf 93' lang='lat' dir='ltr'>nec</span> <span class='ocrx_word' id='word_1_122' title='bbox 683 1087 872 1149; x_wconf 70' lang='lat' dir='ltr'>Orrnnrrrun,</span> <span class='ocrx_word' id='word_1_123' title='bbox 884 1087 974 1152; x_wconf 83' lang='lat' dir='ltr'>Spach,</span> <span class='ocrx_word' id='word_1_124' title='bbox 985 1087 1024 1136; x_wconf 90' lang='lat' dir='ltr'>l.c.</span> <span class='ocrx_word' id='word_1_125' title='bbox 1036 1088 1093 1148; x_wconf 89' lang='grc'>220,</span> <span class='ocrx_word' id='word_1_126' title='bbox 1105 1087 1138 1134; x_wconf 89' lang='lat' dir='ltr'>ad</span> <span class='ocrx_word' id='word_1_127' title='bbox 1149 1085 1179 1133; x_wconf 85' lang='lat' dir='ltr'>R.</span> <span class='ocrx_word' id='word_1_128' title='bbox 1191 1085 1335 1134; x_wconf 76' lang='lat' dir='ltr'>orierotolem</span> <span class='ocrx_word' id='word_1_129' title='bbox 1346 1082 1455 1131; x_wconf 90' lang='lat' dir='ltr'>condita.</span> 
     </span>
    </p>

    <p class='ocr_par' dir='ltr' id='par_1_4' title="bbox 188 1158 1588 1385">
     <span class='ocr_line' id='line_1_11' title="bbox 221 1158 1588 1230; baseline -0.003 -22"><span class='ocrx_word' id='word_1_130' title='bbox 221 1159 344 1222; x_wconf 78' lang='lat' dir='ltr'>F1csurs,</span> <span class='ocrx_word' id='word_1_131' title='bbox 357 1162 421 1212; x_wconf 84' lang='lat' dir='ltr'>Dill.</span> <span class='ocrx_word' id='word_1_132' title='bbox 434 1179 464 1213; x_wconf 76' lang='lat' dir='ltr'>ex</span> <span class='ocrx_word' id='word_1_133' title='bbox 475 1165 532 1212; x_wconf 79' lang='lat' dir='ltr'>DC.</span> <span class='ocrx_word' id='word_1_134' title='bbox 544 1165 608 1228; x_wconf 69' lang='lat' dir='ltr'>aye.</span> <span class='ocrx_word' id='word_1_135' title='bbox 622 1167 677 1229; x_wconf 70' lang='lat' dir='ltr'>ch.</span> <span class='ocrx_word' id='word_1_136' title='bbox 689 1165 705 1215; x_wconf 92' lang='lat' dir='ltr'>i.</span> <span class='ocrx_word' id='word_1_137' title='bbox 718 1168 775 1227; x_wconf 89' lang='lat'>304,</span> <span class='ocrx_word' id='word_1_138' title='bbox 792 1165 884 1230; x_wconf 90' lang='lat' dir='ltr'>species</span> <span class='ocrx_word' id='word_1_139' title='bbox 895 1166 971 1214; x_wconf 89' lang='lat' dir='ltr'>unica</span> <span class='ocrx_word' id='word_1_140' title='bbox 985 1167 1116 1230; x_wconf 78' lang='lat' dir='ltr'>Europae,</span> <span class='ocrx_word' id='word_1_141' title='bbox 1133 1165 1166 1214; x_wconf 92' lang='lat' dir='ltr'>ob</span> <span class='ocrx_word' id='word_1_142' title='bbox 1178 1163 1260 1229; x_wconf 86' lang='lat' dir='ltr'>sepala</span> <span class='ocrx_word' id='word_1_143' title='bbox 1272 1162 1361 1226; x_wconf 78' lang='lat' dir='ltr'>sapius</span> <span class='ocrx_word' id='word_1_144' title='bbox 1373 1164 1396 1221; x_wconf 86' lang='lat'>3,</span> <span class='ocrx_word' id='word_1_145' title='bbox 1413 1158 1495 1223; x_wconf 90' lang='lat' dir='ltr'>petala</span> <span class='ocrx_word' id='word_1_146' title='bbox 1508 1172 1546 1217; x_wconf 86' lang='lat'>00,</span> <span class='ocrx_word' id='word_1_147' title='bbox 1563 1162 1588 1206; x_wconf 93' lang='lat' dir='ltr'>et</span> 
     </span>
     <span class='ocr_line' id='line_1_12' title="bbox 189 1237 1586 1309; baseline -0.002 -23"><span class='ocrx_word' id='word_1_148' title='bbox 189 1237 266 1303; x_wconf 81' lang='lat' dir='ltr'>stylos</span> <span class='ocrx_word' id='word_1_149' title='bbox 283 1239 438 1290; x_wconf 89' lang='lat' dir='ltr'>brevissimos</span> <span class='ocrx_word' id='word_1_150' title='bbox 456 1259 471 1290; x_wconf 92' lang='lat' dir='ltr'>a</span> <span class='ocrx_word' id='word_1_151' title='bbox 489 1245 639 1293; x_wconf 79' lang='lat' dir='ltr'>Renunculis</span> <span class='ocrx_word' id='word_1_152' title='bbox 654 1244 715 1293; x_wconf 91' lang='lat' dir='ltr'>olim</span> <span class='ocrx_word' id='word_1_153' title='bbox 732 1248 853 1309; x_wconf 86' lang='lat' dir='ltr'>separat-a,</span> <span class='ocrx_word' id='word_1_154' title='bbox 870 1246 901 1293; x_wconf 90' lang='lat' dir='ltr'>ab</span> <span class='ocrx_word' id='word_1_155' title='bbox 919 1244 1062 1293; x_wconf 88' lang='lat' dir='ltr'>auctoribus</span> <span class='ocrx_word' id='word_1_156' title='bbox 1078 1241 1204 1291; x_wconf 89' lang='lat' dir='ltr'>hodiernis</span> <span class='ocrx_word' id='word_1_157' title='bbox 1222 1241 1314 1290; x_wconf 88' lang='lat' dir='ltr'>iterum</span> <span class='ocrx_word' id='word_1_158' title='bbox 1326 1255 1383 1289; x_wconf 90' lang='lat' dir='ltr'>cum</span> <span class='ocrx_word' id='word_1_159' title='bbox 1394 1238 1443 1287; x_wconf 89' lang='lat' dir='ltr'>illis</span> <span class='ocrx_word' id='word_1_160' title='bbox 1456 1237 1586 1301; x_wconf 79' lang='lat' dir='ltr'>juugitur3</span> 
     </span>
     <span class='ocr_line' id='line_1_13' title="bbox 188 1315 1027 1385; baseline 0.007 -21"><span class='ocrx_word' id='word_1_161' title='bbox 188 1315 341 1367; x_wconf 79' lang='lat' dir='ltr'>characteres</span> <span class='ocrx_word' id='word_1_162' title='bbox 353 1319 419 1368; x_wconf 91' lang='lat' dir='ltr'>enim</span> <span class='ocrx_word' id='word_1_163' title='bbox 428 1321 505 1370; x_wconf 88' lang='lat' dir='ltr'>iidem</span> <span class='ocrx_word' id='word_1_164' title='bbox 516 1322 544 1370; x_wconf 91' lang='lat' dir='ltr'>in</span> <span class='ocrx_word' id='word_1_165' title='bbox 555 1321 609 1370; x_wconf 87' lang='lat' dir='ltr'>aliis</span> <span class='ocrx_word' id='word_1_166' title='bbox 620 1320 735 1385; x_wconf 90' lang='lat' dir='ltr'>pluribus</span> <span class='ocrx_word' id='word_1_167' title='bbox 747 1322 873 1385; x_wconf 87' lang='lat' dir='ltr'>speciebus</span> <span class='ocrx_word' id='word_1_168' title='bbox 885 1327 1027 1371; x_wconf 88' lang='lat' dir='ltr'>occurrunt.</span> 
     </span>
    </p>

    <p class='ocr_par' dir='ltr' id='par_1_5' title="bbox 189 1393 1588 1528">
     <span class='ocr_line' id='line_1_14' title="bbox 222 1393 1588 1467; baseline -0.001 -25"><span class='ocrx_word' id='word_1_169' title='bbox 222 1395 391 1460; x_wconf 76' lang='lat' dir='ltr'>Haesronu,</span> <span class='ocrx_word' id='word_1_170' title='bbox 403 1400 489 1460; x_wconf 75' lang='lat' dir='ltr'>Losa,</span> <span class='ocrx_word' id='word_1_171' title='bbox 502 1401 554 1449; x_wconf 80' lang='lat' dir='ltr'>Do.</span> <span class='ocrx_word' id='word_1_172' title='bbox 567 1399 630 1464; x_wconf 76' lang='lat' dir='ltr'>Syst.</span> <span class='ocrx_word' id='word_1_173' title='bbox 644 1399 722 1463; x_wconf 53' lang='grc' dir='ltr'><strong>νομί.</strong></span> <span class='ocrx_word' id='word_1_174' title='bbox 732 1399 790 1463; x_wconf 88' lang='grc'>227,</span> <span class='ocrx_word' id='word_1_175' title='bbox 801 1405 826 1448; x_wconf 92' lang='lat' dir='ltr'>et</span> <span class='ocrx_word' id='word_1_176' title='bbox 837 1400 1032 1463; x_wconf 75' lang='lat' dir='ltr'>Knarr1s,D0.</span> <span class='ocrx_word' id='word_1_177' title='bbox 1045 1401 1090 1449; x_wconf 76' lang='lat' dir='ltr'>tc.</span> <span class='ocrx_word' id='word_1_178' title='bbox 1102 1401 1118 1450; x_wconf 88' lang='lat' dir='ltr'>i.</span> <span class='ocrx_word' id='word_1_179' title='bbox 1131 1402 1188 1460; x_wconf 82' lang='lat'>228,</span> <span class='ocrx_word' id='word_1_180' title='bbox 1196 1399 1227 1448; x_wconf 89' lang='lat' dir='ltr'>ab</span> <span class='ocrx_word' id='word_1_181' title='bbox 1239 1401 1338 1447; x_wconf 88' lang='lat' dir='ltr'>auctore</span> <span class='ocrx_word' id='word_1_182' title='bbox 1349 1394 1440 1467; x_wconf 81' lang='lat' dir='ltr'>ipsein</span> <span class='ocrx_word' id='word_1_183' title='bbox 1449 1393 1588 1442; x_wconf 87' lang='lat' dir='ltr'>Prodromo</span> 
     </span>
     <span class='ocr_line' id='line_1_15' title="bbox 189 1474 734 1528; baseline 0.009 -7"><span class='ocrx_word' id='word_1_184' title='bbox 189 1489 233 1523; x_wconf 90' lang='lat' dir='ltr'>suo</span> <span class='ocrx_word' id='word_1_185' title='bbox 244 1474 336 1524; x_wconf 89' lang='lat' dir='ltr'>iterum</span> <span class='ocrx_word' id='word_1_186' title='bbox 347 1475 380 1526; x_wconf 89' lang='lat' dir='ltr'>ad</span> <span class='ocrx_word' id='word_1_187' title='bbox 391 1478 561 1528; x_wconf 71' lang='lat' dir='ltr'>Rauennatem</span> <span class='ocrx_word' id='word_1_188' title='bbox 572 1479 734 1528; x_wconf 88' lang='lat' dir='ltr'>reducuntur.</span> 
     </span>
    </p>

    <p class='ocr_par' dir='ltr' id='par_1_6' title="bbox 188 1551 1590 1770">
     <span class='ocr_line' id='line_1_16' title="bbox 222 1551 1588 1622; baseline -0.002 -21"><span class='ocrx_word' id='word_1_189' title='bbox 222 1552 350 1618; x_wconf 72' lang='lat' dir='ltr'>unium,</span> <span class='ocrx_word' id='word_1_190' title='bbox 361 1557 398 1606; x_wconf 79' lang='lat' dir='ltr'>St.</span> <span class='ocrx_word' id='word_1_191' title='bbox 410 1556 465 1607; x_wconf 74' lang='lat' dir='ltr'>Hit.</span> <span class='ocrx_word' id='word_1_192' title='bbox 476 1557 519 1607; x_wconf 79' lang='lat' dir='ltr'>Fi.</span> <span class='ocrx_word' id='word_1_193' title='bbox 532 1558 608 1605; x_wconf 79' lang='lat' dir='ltr'>Broc.</span> <span class='ocrx_word' id='word_1_194' title='bbox 621 1557 686 1608; x_wconf 81' lang='lat' dir='ltr'>Mer.</span> <span class='ocrx_word' id='word_1_195' title='bbox 698 1558 714 1608; x_wconf 92' lang='lat' dir='ltr'>i.</span> <span class='ocrx_word' id='word_1_196' title='bbox 725 1560 748 1609; x_wconf 82' lang='lat'>8.</span> <span class='ocrx_word' id='word_1_197' title='bbox 761 1561 779 1608; x_wconf 87' lang='lat' dir='ltr'>t.</span> <span class='ocrx_word' id='word_1_198' title='bbox 792 1559 816 1620; x_wconf 89' lang='lat'>1,</span> <span class='ocrx_word' id='word_1_199' title='bbox 828 1557 860 1606; x_wconf 88' lang='lat' dir='ltr'>cb</span> <span class='ocrx_word' id='word_1_200' title='bbox 872 1557 954 1621; x_wconf 88' lang='lat' dir='ltr'>sepala</span> <span class='ocrx_word' id='word_1_201' title='bbox 964 1561 989 1606; x_wconf 90' lang='lat' dir='ltr'>et</span> <span class='ocrx_word' id='word_1_202' title='bbox 999 1557 1082 1622; x_wconf 89' lang='lat' dir='ltr'>petala</span> <span class='ocrx_word' id='word_1_203' title='bbox 1092 1556 1182 1619; x_wconf 85' lang='lat' dir='ltr'>saepius</span> <span class='ocrx_word' id='word_1_204' title='bbox 1194 1558 1209 1604; x_wconf 88' lang='grc'>3</span> <span class='ocrx_word' id='word_1_205' title='bbox 1221 1557 1321 1604; x_wconf 89' lang='lat' dir='ltr'>tautum</span> <span class='ocrx_word' id='word_1_206' title='bbox 1331 1553 1358 1602; x_wconf 91' lang='lat' dir='ltr'>in</span> <span class='ocrx_word' id='word_1_207' title='bbox 1369 1568 1446 1617; x_wconf 86' lang='lat' dir='ltr'>genus</span> <span class='ocrx_word' id='word_1_208' title='bbox 1457 1551 1588 1616; x_wconf 89' lang='lat' dir='ltr'>proprium</span> 
     </span>
     <span class='ocr_line' id='line_1_17' title="bbox 188 1629 1590 1698; baseline -0.001 -19"><span class='ocrx_word' id='word_1_209' title='bbox 188 1635 277 1694; x_wconf 87' lang='lat' dir='ltr'>erecta,</span> <span class='ocrx_word' id='word_1_210' title='bbox 289 1633 382 1698; x_wconf 88' lang='lat' dir='ltr'>species</span> <span class='ocrx_word' id='word_1_211' title='bbox 392 1650 484 1698; x_wconf 87' lang='lat' dir='ltr'>paucas</span> <span class='ocrx_word' id='word_1_212' title='bbox 494 1634 600 1685; x_wconf 91' lang='lat' dir='ltr'>includit</span> <span class='ocrx_word' id='word_1_213' title='bbox 608 1634 881 1684; x_wconf 83' lang='lat' dir='ltr'>Austro·Americanes.</span> <span class='ocrx_word' id='word_1_214' title='bbox 915 1635 968 1684; x_wconf 85' lang='lat' dir='ltr'>Nec</span> <span class='ocrx_word' id='word_1_215' title='bbox 978 1634 1066 1685; x_wconf 88' lang='lat' dir='ltr'>habitu</span> <span class='ocrx_word' id='word_1_216' title='bbox 1077 1638 1161 1683; x_wconf 88' lang='lat' dir='ltr'>tamen</span> <span class='ocrx_word' id='word_1_217' title='bbox 1171 1649 1217 1682; x_wconf 89' lang='lat' dir='ltr'>nec</span> <span class='ocrx_word' id='word_1_218' title='bbox 1225 1631 1407 1682; x_wconf 79' lang='lat' dir='ltr'>characteribus</span> <span class='ocrx_word' id='word_1_219' title='bbox 1419 1629 1590 1679; x_wconf 76' lang='lat' dir='ltr'>essentialibus</span> 
     </span>
     <span class='ocr_line' id='line_1_18' title="bbox 188 1711 1254 1770; baseline 0.003 -12"><span class='ocrx_word' id='word_1_220' title='bbox 188 1724 204 1757; x_wconf 88' lang='lat' dir='ltr'>a</span> <span class='ocrx_word' id='word_1_221' title='bbox 216 1711 371 1760; x_wconf 80' lang='lat' dir='ltr'>Renuncclis</span> <span class='ocrx_word' id='word_1_222' title='bbox 381 1712 509 1762; x_wconf 89' lang='lat' dir='ltr'>nonnullis</span> <span class='ocrx_word' id='word_1_223' title='bbox 519 1712 584 1762; x_wconf 80' lang='lat' dir='ltr'>reris</span> <span class='ocrx_word' id='word_1_224' title='bbox 595 1712 723 1770; x_wconf 86' lang='lat' dir='ltr'>differunt,</span> <span class='ocrx_word' id='word_1_225' title='bbox 734 1718 759 1762; x_wconf 93' lang='lat' dir='ltr'>et</span> <span class='ocrx_word' id='word_1_226' title='bbox 769 1719 857 1763; x_wconf 88' lang='lat' dir='ltr'>nostra</span> <span class='ocrx_word' id='word_1_227' title='bbox 868 1714 990 1762; x_wconf 85' lang='lat' dir='ltr'>sententia</span> <span class='ocrx_word' id='word_1_228' title='bbox 1000 1713 1031 1763; x_wconf 91' lang='lat' dir='ltr'>iis</span> <span class='ocrx_word' id='word_1_229' title='bbox 1042 1712 1176 1763; x_wconf 86' lang='lat' dir='ltr'>referendae</span> <span class='ocrx_word' id='word_1_230' title='bbox 1187 1715 1254 1761; x_wconf 87' lang='lat' dir='ltr'>sunt.</span> 
     </span>
    </p>

    <p class='ocr_par' dir='ltr' id='par_1_7' title="bbox 188 1786 1588 2089">
     <span class='ocr_line' id='line_1_19' title="bbox 221 1786 1587 1855; baseline -0.002 -18"><span class='ocrx_word' id='word_1_231' title='bbox 221 1788 461 1851; x_wconf 73' lang='lat' dir='ltr'>Armuosrnuus,</span> <span class='ocrx_word' id='word_1_232' title='bbox 475 1791 512 1841; x_wconf 78' lang='lat' dir='ltr'>St.</span> <span class='ocrx_word' id='word_1_233' title='bbox 525 1791 577 1839; x_wconf 83' lang='lat' dir='ltr'>Hil.</span> <span class='ocrx_word' id='word_1_234' title='bbox 590 1791 627 1840; x_wconf 85' lang='lat' dir='ltr'>Fl.</span> <span class='ocrx_word' id='word_1_235' title='bbox 640 1792 712 1840; x_wconf 80' lang='lat' dir='ltr'>Broc.</span> <span class='ocrx_word' id='word_1_236' title='bbox 722 1793 785 1841; x_wconf 82' lang='lat' dir='ltr'>Mer.</span> <span class='ocrx_word' id='word_1_237' title='bbox 797 1792 813 1840; x_wconf 81' lang='lat' dir='ltr'>&#39;a</span> <span class='ocrx_word' id='word_1_238' title='bbox 824 1794 863 1851; x_wconf 91' lang='grc'>12,</span> <span class='ocrx_word' id='word_1_239' title='bbox 876 1793 968 1855; x_wconf 92' lang='lat' dir='ltr'>species</span> <span class='ocrx_word' id='word_1_240' title='bbox 976 1792 1051 1841; x_wconf 90' lang='lat' dir='ltr'>unica</span> <span class='ocrx_word' id='word_1_241' title='bbox 1059 1790 1314 1840; x_wconf 79' lang='lat' dir='ltr'>Austro-Americana</span> <span class='ocrx_word' id='word_1_242' title='bbox 1324 1787 1361 1848; x_wconf 84' lang='lat' dir='ltr'>(R.</span> <span class='ocrx_word' id='word_1_243' title='bbox 1372 1787 1507 1850; x_wconf 72' lang='lat' dir='ltr'>opiifhlius,</span> <span class='ocrx_word' id='word_1_244' title='bbox 1517 1786 1587 1834; x_wconf 79' lang='lat' dir='ltr'>Poir.</span> 
     </span>
     <span class='ocr_line' id='line_1_20' title="bbox 189 1865 1588 1933; baseline -0.002 -19"><span class='ocrx_word' id='word_1_245' title='bbox 189 1867 284 1916; x_wconf 81' lang='lat' dir='ltr'>Doleas.</span> <span class='ocrx_word' id='word_1_246' title='bbox 296 1868 332 1918; x_wconf 89' lang='lat' dir='ltr'>Ic.</span> <span class='ocrx_word' id='word_1_247' title='bbox 347 1869 396 1916; x_wconf 80' lang='lat' dir='ltr'>Sel.</span> <span class='ocrx_word' id='word_1_248' title='bbox 408 1867 424 1916; x_wconf 93' lang='lat' dir='ltr'>i.</span> <span class='ocrx_word' id='word_1_249' title='bbox 437 1872 455 1919; x_wconf 86' lang='lat' dir='ltr'>t.</span> <span class='ocrx_word' id='word_1_250' title='bbox 467 1867 521 1932; x_wconf 88' lang='grc'>26),</span> <span class='ocrx_word' id='word_1_251' title='bbox 533 1867 617 1932; x_wconf 90' lang='lat' dir='ltr'>paullo</span> <span class='ocrx_word' id='word_1_252' title='bbox 628 1868 708 1932; x_wconf 90' lang='lat' dir='ltr'>magis</span> <span class='ocrx_word' id='word_1_253' title='bbox 720 1868 803 1918; x_wconf 80' lang='lat' dir='ltr'>differt</span> <span class='ocrx_word' id='word_1_254' title='bbox 814 1869 903 1933; x_wconf 88' lang='lat' dir='ltr'>petalis</span> <span class='ocrx_word' id='word_1_255' title='bbox 914 1870 1024 1918; x_wconf 88' lang='lat' dir='ltr'>minimis</span> <span class='ocrx_word' id='word_1_256' title='bbox 1037 1871 1132 1919; x_wconf 89' lang='lat' dir='ltr'>lamina</span> <span class='ocrx_word' id='word_1_257' title='bbox 1143 1868 1295 1918; x_wconf 89' lang='lat' dir='ltr'>brevissima.</span> <span class='ocrx_word' id='word_1_258' title='bbox 1329 1865 1417 1914; x_wconf 78' lang='lat' dir='ltr'>Petale</span> <span class='ocrx_word' id='word_1_259' title='bbox 1428 1869 1512 1913; x_wconf 91' lang='lat' dir='ltr'>tamen</span> <span class='ocrx_word' id='word_1_260' title='bbox 1524 1880 1588 1927; x_wconf 86' lang='lat' dir='ltr'>saepe</span> 
     </span>
     <span class='ocr_line' id='line_1_21' title="bbox 188 1942 1587 2011; baseline -0.004 -17"><span class='ocrx_word' id='word_1_261' title='bbox 188 1949 310 1994; x_wconf 78' lang='lat' dir='ltr'>occurant</span> <span class='ocrx_word' id='word_1_262' title='bbox 326 1945 354 1993; x_wconf 90' lang='lat' dir='ltr'>iu</span> <span class='ocrx_word' id='word_1_263' title='bbox 369 1946 523 1996; x_wconf 82' lang='lat' dir='ltr'>Rananculia</span> <span class='ocrx_word' id='word_1_264' title='bbox 538 1946 604 1995; x_wconf 90' lang='lat' dir='ltr'>veris</span> <span class='ocrx_word' id='word_1_265' title='bbox 620 1946 710 2009; x_wconf 81' lang='lat' dir='ltr'>sepelis</span> <span class='ocrx_word' id='word_1_266' title='bbox 726 1946 808 1995; x_wconf 90' lang='lat' dir='ltr'>multo</span> <span class='ocrx_word' id='word_1_267' title='bbox 824 1946 921 1995; x_wconf 91' lang='lat' dir='ltr'>minora</span> <span class='ocrx_word' id='word_1_268' title='bbox 940 1945 971 2010; x_wconf 87' lang='lat' dir='ltr'>(e.</span> <span class='ocrx_word' id='word_1_269' title='bbox 983 1964 1019 2011; x_wconf 89' lang='lat' dir='ltr'>gr.</span> <span class='ocrx_word' id='word_1_270' title='bbox 1030 1947 1058 1996; x_wconf 91' lang='lat' dir='ltr'>in</span> <span class='ocrx_word' id='word_1_271' title='bbox 1069 1946 1098 1995; x_wconf 85' lang='lat' dir='ltr'>R.</span> <span class='ocrx_word' id='word_1_272' title='bbox 1110 1949 1249 2008; x_wconf 80' lang='lat' dir='ltr'>reosorooto,</span> <span class='ocrx_word' id='word_1_273' title='bbox 1260 1942 1350 2008; x_wconf 64' lang='lat' dir='ltr'>Pois).</span> <span class='ocrx_word' id='word_1_274' title='bbox 1384 1942 1495 1992; x_wconf 80' lang='lat' dir='ltr'>Ovulum</span> <span class='ocrx_word' id='word_1_275' title='bbox 1511 1943 1539 1990; x_wconf 93' lang='lat' dir='ltr'>in</span> <span class='ocrx_word' id='word_1_276' title='bbox 1556 1942 1587 1989; x_wconf 82' lang='lat' dir='ltr'>B.</span> 
     </span>
     <span class='ocr_line' id='line_1_22' title="bbox 189 2023 1212 2089; baseline 0.002 -20"><span class='ocrx_word' id='word_1_277' title='bbox 189 2023 243 2084; x_wconf 77' lang='lat' dir='ltr'>apii</span> <span class='ocrx_word' id='word_1_278' title='bbox 255 2023 305 2071; x_wconf 81' lang='lat' dir='ltr'>olio</span> <span class='ocrx_word' id='word_1_279' title='bbox 316 2039 414 2089; x_wconf 88' lang='lat' dir='ltr'>semper</span> <span class='ocrx_word' id='word_1_280' title='bbox 423 2024 533 2074; x_wconf 87' lang='lat' dir='ltr'>vidimus</span> <span class='ocrx_word' id='word_1_281' title='bbox 544 2040 558 2072; x_wconf 92' lang='lat' dir='ltr'>a</span> <span class='ocrx_word' id='word_1_282' title='bbox 569 2024 624 2073; x_wconf 89' lang='lat' dir='ltr'>basi</span> <span class='ocrx_word' id='word_1_283' title='bbox 639 2023 715 2074; x_wconf 92' lang='lat' dir='ltr'>loculi</span> <span class='ocrx_word' id='word_1_284' title='bbox 726 2024 875 2072; x_wconf 87' lang='lat' dir='ltr'>adscendere</span> <span class='ocrx_word' id='word_1_285' title='bbox 886 2040 931 2072; x_wconf 90' lang='lat' dir='ltr'>nec</span> <span class='ocrx_word' id='word_1_286' title='bbox 943 2026 974 2073; x_wconf 87' lang='lat' dir='ltr'>ab</span> <span class='ocrx_word' id='word_1_287' title='bbox 985 2025 1055 2088; x_wconf 89' lang='lat' dir='ltr'>apice</span> <span class='ocrx_word' id='word_1_288' title='bbox 1066 2023 1212 2089; x_wconf 86' lang='lat' dir='ltr'>pendulum.</span> 
     </span>
    </p>

    <p class='ocr_par' dir='ltr' id='par_1_8' title="bbox 186 2097 1589 2636">
     <span class='ocr_line' id='line_1_23' title="bbox 223 2097 1587 2165; baseline -0.004 -17"><span class='ocrx_word' id='word_1_289' title='bbox 223 2100 474 2163; x_wconf 73' lang='lat' dir='ltr'>Ornrouunrucus,</span> <span class='ocrx_word' id='word_1_290' title='bbox 485 2103 556 2152; x_wconf 79' lang='lat' dir='ltr'>Natt.</span> <span class='ocrx_word' id='word_1_291' title='bbox 573 2103 599 2151; x_wconf 80' lang='lat' dir='ltr'>io</span> <span class='ocrx_word' id='word_1_292' title='bbox 614 2103 685 2152; x_wconf 81' lang='lat' dir='ltr'>Torr.</span> <span class='ocrx_word' id='word_1_293' title='bbox 697 2106 720 2150; x_wconf 85' lang='lat' dir='ltr'>et</span> <span class='ocrx_word' id='word_1_294' title='bbox 733 2101 773 2150; x_wconf 79' lang='lat' dir='ltr'>Gr.</span> <span class='ocrx_word' id='word_1_295' title='bbox 791 2101 833 2150; x_wconf 86' lang='lat' dir='ltr'>Fl.</span> <span class='ocrx_word' id='word_1_296' title='bbox 845 2103 879 2151; x_wconf 92' lang='lat' dir='ltr'>N.</span> <span class='ocrx_word' id='word_1_297' title='bbox 891 2102 947 2150; x_wconf 80' lang='lat' dir='ltr'>Am.</span> <span class='ocrx_word' id='word_1_298' title='bbox 959 2102 975 2150; x_wconf 93' lang='lat' dir='ltr'>i.</span> <span class='ocrx_word' id='word_1_299' title='bbox 988 2104 1028 2161; x_wconf 91' lang='grc'>26,</span> <span class='ocrx_word' id='word_1_300' title='bbox 1045 2101 1137 2165; x_wconf 90' lang='lat' dir='ltr'>species</span> <span class='ocrx_word' id='word_1_301' title='bbox 1154 2101 1228 2149; x_wconf 91' lang='lat' dir='ltr'>unica</span> <span class='ocrx_word' id='word_1_302' title='bbox 1244 2101 1370 2151; x_wconf 88' lang='lat' dir='ltr'>montium</span> <span class='ocrx_word' id='word_1_303' title='bbox 1387 2097 1587 2162; x_wconf 70' lang='lat' dir='ltr'>scopulosorum,</span> 
     </span>
     <span class='ocr_line' id='line_1_24' title="bbox 188 2175 1589 2249; baseline -0.002 -24"><span class='ocrx_word' id='word_1_304' title='bbox 188 2176 278 2226; x_wconf 90' lang='lat' dir='ltr'>habitu</span> <span class='ocrx_word' id='word_1_305' title='bbox 295 2179 399 2228; x_wconf 91' lang='lat' dir='ltr'>omnino</span> <span class='ocrx_word' id='word_1_306' title='bbox 417 2181 625 2239; x_wconf 79' lang='lat' dir='ltr'>Rocooculorum,</span> <span class='ocrx_word' id='word_1_307' title='bbox 638 2184 789 2241; x_wconf 83' lang='lat' dir='ltr'>nonnostra</span> <span class='ocrx_word' id='word_1_308' title='bbox 799 2179 922 2228; x_wconf 86' lang='lat' dir='ltr'>sententia</span> <span class='ocrx_word' id='word_1_309' title='bbox 939 2179 1051 2243; x_wconf 89' lang='lat' dir='ltr'>generice</span> <span class='ocrx_word' id='word_1_310' title='bbox 1068 2178 1152 2226; x_wconf 87' lang='lat' dir='ltr'>differt</span> <span class='ocrx_word' id='word_1_311' title='bbox 1168 2177 1323 2249; x_wconf 85' lang='lat' dir='ltr'>receptacqu</span> <span class='ocrx_word' id='word_1_312' title='bbox 1339 2193 1417 2240; x_wconf 82' lang='lat' dir='ltr'>parvo</span> <span class='ocrx_word' id='word_1_313' title='bbox 1432 2175 1589 2238; x_wconf 89' lang='lat' dir='ltr'>acheniisque</span> 
     </span>
     <span class='ocr_line' id='line_1_25' title="bbox 188 2254 1587 2337; baseline -0.002 -34"><span class='ocrx_word' id='word_1_314' title='bbox 188 2255 282 2304; x_wconf 83' lang='lat' dir='ltr'>striatis</span> <span class='ocrx_word' id='word_1_315' title='bbox 301 2258 494 2337; x_wconf 58' lang='lat' dir='ltr'>Tholictropam.</span> <span class='ocrx_word' id='word_1_316' title='bbox 528 2259 640 2306; x_wconf 89' lang='lat' dir='ltr'>Achenia</span> <span class='ocrx_word' id='word_1_317' title='bbox 657 2258 723 2306; x_wconf 90' lang='lat' dir='ltr'>enim</span> <span class='ocrx_word' id='word_1_318' title='bbox 741 2273 805 2322; x_wconf 79' lang='lat' dir='ltr'>sape</span> <span class='ocrx_word' id='word_1_319' title='bbox 819 2257 905 2307; x_wconf 84' lang='lat' dir='ltr'>leviter</span> <span class='ocrx_word' id='word_1_320' title='bbox 920 2257 1008 2306; x_wconf 86' lang='lat' dir='ltr'>striata</span> <span class='ocrx_word' id='word_1_321' title='bbox 1024 2260 1158 2305; x_wconf 90' lang='lat' dir='ltr'>occurrunt</span> <span class='ocrx_word' id='word_1_322' title='bbox 1175 2257 1202 2305; x_wconf 93' lang='lat' dir='ltr'>in</span> <span class='ocrx_word' id='word_1_323' title='bbox 1218 2256 1363 2304; x_wconf 77' lang='lat' dir='ltr'>Roooacalo</span> <span class='ocrx_word' id='word_1_324' title='bbox 1381 2254 1410 2318; x_wconf 88' lang='lat' dir='ltr'>(e.</span> <span class='ocrx_word' id='word_1_325' title='bbox 1422 2269 1458 2318; x_wconf 89' lang='lat' dir='ltr'>gr.</span> <span class='ocrx_word' id='word_1_326' title='bbox 1471 2255 1503 2302; x_wconf 82' lang='lat' dir='ltr'>B.</span> <span class='ocrx_word' id='word_1_327' title='bbox 1520 2254 1587 2317; x_wconf 75' lang='lat' dir='ltr'>Cym·</span> 
     </span>
     <span class='ocr_line' id='line_1_26' title="bbox 188 2333 1589 2401; baseline -0.001 -20"><span class='ocrx_word' id='word_1_328' title='bbox 188 2333 310 2395; x_wconf 60' lang='lat' dir='ltr'>dolone).</span> <span class='ocrx_word' id='word_1_329' title='bbox 345 2335 456 2386; x_wconf 86' lang='lat' dir='ltr'>Ovulum</span> <span class='ocrx_word' id='word_1_330' title='bbox 467 2340 574 2384; x_wconf 90' lang='lat' dir='ltr'>erectum</span> <span class='ocrx_word' id='word_1_331' title='bbox 587 2351 633 2384; x_wconf 91' lang='lat' dir='ltr'>nec</span> <span class='ocrx_word' id='word_1_332' title='bbox 650 2336 790 2399; x_wconf 90' lang='lat' dir='ltr'>pendulum</span> <span class='ocrx_word' id='word_1_333' title='bbox 800 2335 909 2385; x_wconf 87' lang='lat' dir='ltr'>vidimus</span> <span class='ocrx_word' id='word_1_334' title='bbox 920 2336 947 2384; x_wconf 91' lang='lat' dir='ltr'>in</span> <span class='ocrx_word' id='word_1_335' title='bbox 959 2336 1135 2401; x_wconf 87' lang='lat' dir='ltr'>speciminibus</span> <span class='ocrx_word' id='word_1_336' title='bbox 1146 2336 1208 2400; x_wconf 89' lang='lat' dir='ltr'>ipsis</span> <span class='ocrx_word' id='word_1_337' title='bbox 1219 2333 1381 2383; x_wconf 88' lang='lat' dir='ltr'>Nuttallianis</span> <span class='ocrx_word' id='word_1_338' title='bbox 1397 2333 1589 2397; x_wconf 75' lang='lat' dir='ltr'>Gyrtorrlyaclt</span> 
     </span>
     <span class='ocr_line' id='line_1_27' title="bbox 187 2410 1588 2479; baseline -0.001 -20"><span class='ocrx_word' id='word_1_339' title='bbox 187 2410 234 2460; x_wconf 82' lang='lat' dir='ltr'>s&#39;ui.</span> <span class='ocrx_word' id='word_1_340' title='bbox 269 2412 418 2462; x_wconf 85' lang='lat' dir='ltr'>Notandum</span> <span class='ocrx_word' id='word_1_341' title='bbox 430 2419 467 2463; x_wconf 91' lang='lat' dir='ltr'>est</span> <span class='ocrx_word' id='word_1_342' title='bbox 479 2413 546 2478; x_wconf 90' lang='lat' dir='ltr'>quod</span> <span class='ocrx_word' id='word_1_343' title='bbox 557 2414 583 2461; x_wconf 91' lang='lat' dir='ltr'>in</span> <span class='ocrx_word' id='word_1_344' title='bbox 592 2414 745 2462; x_wconf 55' lang='lat' dir='ltr'>&amp;conculis</span> <span class='ocrx_word' id='word_1_345' title='bbox 753 2413 868 2478; x_wconf 89' lang='lat' dir='ltr'>plurimis</span> <span class='ocrx_word' id='word_1_346' title='bbox 880 2414 986 2479; x_wconf 86' lang='lat' dir='ltr'>carpella</span> <span class='ocrx_word' id='word_1_347' title='bbox 996 2415 1135 2479; x_wconf 84' lang='lat' dir='ltr'>praesertim</span> <span class='ocrx_word' id='word_1_348' title='bbox 1145 2413 1268 2473; x_wconf 85' lang='lat' dir='ltr'>inferiora,</span> <span class='ocrx_word' id='word_1_349' title='bbox 1279 2412 1435 2476; x_wconf 89' lang='lat' dir='ltr'>receptaculo</span> <span class='ocrx_word' id='word_1_350' title='bbox 1446 2411 1588 2459; x_wconf 87' lang='lat' dir='ltr'>horizonta-</span> 
     </span>
     <span class='ocr_line' id='line_1_28' title="bbox 186 2489 1588 2557; baseline 0 -19"><span class='ocrx_word' id='word_1_351' title='bbox 186 2489 244 2539; x_wconf 90' lang='lat' dir='ltr'>liter</span> <span class='ocrx_word' id='word_1_352' title='bbox 255 2491 327 2540; x_wconf 85' lang='lat' dir='ltr'>affixa</span> <span class='ocrx_word' id='word_1_353' title='bbox 334 2508 515 2557; x_wconf 88' lang='lat' dir='ltr'>nonnunquam</span> <span class='ocrx_word' id='word_1_354' title='bbox 525 2493 595 2556; x_wconf 87' lang='lat' dir='ltr'>quasi</span> <span class='ocrx_word' id='word_1_355' title='bbox 605 2493 717 2556; x_wconf 88' lang='lat' dir='ltr'>pendula</span> <span class='ocrx_word' id='word_1_356' title='bbox 728 2497 795 2554; x_wconf 91' lang='lat' dir='ltr'>sunt,</span> <span class='ocrx_word' id='word_1_357' title='bbox 804 2493 847 2541; x_wconf 91' lang='lat' dir='ltr'>sed</span> <span class='ocrx_word' id='word_1_358' title='bbox 859 2492 962 2542; x_wconf 84' lang='lat' dir='ltr'>ovulum</span> <span class='ocrx_word' id='word_1_359' title='bbox 971 2495 1052 2555; x_wconf 80' lang='lat' dir='ltr'>quoad</span> <span class='ocrx_word' id='word_1_360' title='bbox 1063 2494 1199 2556; x_wconf 75' lang='lat' dir='ltr'>coopellwm</span> <span class='ocrx_word' id='word_1_361' title='bbox 1210 2507 1307 2556; x_wconf 86' lang='lat' dir='ltr'>semper</span> <span class='ocrx_word' id='word_1_362' title='bbox 1314 2492 1388 2555; x_wconf 84' lang='lat' dir='ltr'>juxta</span> <span class='ocrx_word' id='word_1_363' title='bbox 1395 2490 1467 2540; x_wconf 91' lang='lat' dir='ltr'>basin</span> <span class='ocrx_word' id='word_1_364' title='bbox 1474 2489 1588 2539; x_wconf 74' lang='lat' dir='ltr'>caritatis</span> 
     </span>
     <span class='ocr_line' id='line_1_29' title="bbox 186 2567 890 2636; baseline 0.006 -20"><span class='ocrx_word' id='word_1_365' title='bbox 186 2567 309 2618; x_wconf 89' lang='lat' dir='ltr'>insertum</span> <span class='ocrx_word' id='word_1_366' title='bbox 316 2576 353 2620; x_wconf 88' lang='lat' dir='ltr'>est</span> <span class='ocrx_word' id='word_1_367' title='bbox 364 2576 390 2620; x_wconf 90' lang='lat' dir='ltr'>et</span> <span class='ocrx_word' id='word_1_368' title='bbox 400 2586 486 2620; x_wconf 81' lang='lat' dir='ltr'>versus</span> <span class='ocrx_word' id='word_1_369' title='bbox 497 2571 592 2636; x_wconf 88' lang='lat' dir='ltr'>apicem</span> <span class='ocrx_word' id='word_1_370' title='bbox 604 2569 742 2635; x_wconf 84' lang='lat' dir='ltr'>styliferum</span> <span class='ocrx_word' id='word_1_371' title='bbox 753 2570 890 2620; x_wconf 89' lang='lat' dir='ltr'>adscendit.</span> 
     </span>
    </p>
   </div>
   <div class='ocr_carea' id='block_1_3' title="bbox 185 2694 1588 2930">
    <p class='ocr_par' dir='ltr' id='par_1_9' title="bbox 185 2694 1588 2930">
     <span class='ocr_line' id='line_1_30' title="bbox 223 2694 1588 2767; baseline 0 -19"><span class='ocrx_word' id='word_1_372' title='bbox 223 2697 265 2748; x_wconf 95' lang='grc'>11.</span> <span class='ocrx_word' id='word_1_373' title='bbox 286 2699 486 2764; x_wconf 78' lang='lat' dir='ltr'>Hamadryas,</span> <span class='ocrx_word' id='word_1_374' title='bbox 509 2699 608 2753; x_wconf 78' lang='lat' dir='ltr'>Gomon.</span> <span class='ocrx_word' id='word_1_375' title='bbox 618 2697 649 2750; x_wconf 81' lang='lat' dir='ltr'>io</span> <span class='ocrx_word' id='word_1_376' title='bbox 661 2698 737 2750; x_wconf 80' lang='lat' dir='ltr'>Jass.</span> <span class='ocrx_word' id='word_1_377' title='bbox 753 2698 820 2751; x_wconf 76' lang='lat' dir='ltr'>Gen.</span> <span class='ocrx_word' id='word_1_378' title='bbox 833 2695 1029 2751; x_wconf 79' lang='lat' dir='ltr'>232.-Flores</span> <span class='ocrx_word' id='word_1_379' title='bbox 1048 2696 1148 2750; x_wconf 88' lang='lat' dir='ltr'>abortu</span> <span class='ocrx_word' id='word_1_380' title='bbox 1169 2696 1259 2751; x_wconf 88' lang='lat' dir='ltr'>dicici.</span> <span class='ocrx_word' id='word_1_381' title='bbox 1298 2694 1398 2767; x_wconf 85' lang='lat' dir='ltr'>Sepela</span> <span class='ocrx_word' id='word_1_382' title='bbox 1409 2698 1470 2756; x_wconf 64' lang='lat' dir='ltr'>cc,</span> <span class='ocrx_word' id='word_1_383' title='bbox 1483 2695 1588 2749; x_wconf 87' lang='lat' dir='ltr'>caduca</span> 
     </span>
     <span class='ocr_line' id='line_1_31' title="bbox 185 2776 1585 2848; baseline -0.001 -17"><span class='ocrx_word' id='word_1_384' title='bbox 185 2795 211 2831; x_wconf 84' lang='lat' dir='ltr'>v.</span> <span class='ocrx_word' id='word_1_385' title='bbox 225 2777 461 2848; x_wconf 89' lang='lat' dir='ltr'>subpersistentia.</span> <span class='ocrx_word' id='word_1_386' title='bbox 493 2778 591 2833; x_wconf 82' lang='lat' dir='ltr'>Petale</span> <span class='ocrx_word' id='word_1_387' title='bbox 601 2779 696 2841; x_wconf 86' lang='grc'><strong>10-12,</strong></span> <span class='ocrx_word' id='word_1_388' title='bbox 709 2777 769 2832; x_wconf 88' lang='grc' dir='ltr'><strong>1)εεί</strong></span> <span class='ocrx_word' id='word_1_389' title='bbox 781 2778 926 2847; x_wconf 88' lang='lat' dir='ltr'>squamula</span> <span class='ocrx_word' id='word_1_390' title='bbox 938 2783 1027 2843; x_wconf 85' lang='lat' dir='ltr'>aucta,</span> <span class='ocrx_word' id='word_1_391' title='bbox 1038 2778 1192 2848; x_wconf 90' lang='lat' dir='ltr'>conspicua.</span> <span class='ocrx_word' id='word_1_392' title='bbox 1224 2778 1351 2848; x_wconf 84' lang='lat' dir='ltr'>Garpella</span> <span class='ocrx_word' id='word_1_393' title='bbox 1362 2793 1405 2840; x_wconf 87' lang='lat'>00,</span> <span class='ocrx_word' id='word_1_394' title='bbox 1416 2776 1585 2831; x_wconf 77' lang='lat' dir='ltr'>uniovulata.</span> 
     </span>
     <span class='ocr_line' id='line_1_32' title="bbox 187 2857 1585 2930; baseline -0.001 -16"><span class='ocrx_word' id='word_1_395' title='bbox 187 2859 309 2914; x_wconf 87' lang='lat' dir='ltr'>Ovulum</span> <span class='ocrx_word' id='word_1_396' title='bbox 322 2860 409 2914; x_wconf 87' lang='lat' dir='ltr'>abasi</span> <span class='ocrx_word' id='word_1_397' title='bbox 422 2861 547 2915; x_wconf 78' lang='lat' dir='ltr'>caritatis</span> <span class='ocrx_word' id='word_1_398' title='bbox 556 2859 739 2915; x_wconf 82' lang='lat' dir='ltr'>adscendens.</span> <span class='ocrx_word' id='word_1_399' title='bbox 776 2859 902 2913; x_wconf 84' lang='lat' dir='ltr'>Achenia</span> <span class='ocrx_word' id='word_1_400' title='bbox 914 2859 1042 2930; x_wconf 89' lang='lat' dir='ltr'>capitata,</span> <span class='ocrx_word' id='word_1_401' title='bbox 1056 2860 1130 2929; x_wconf 88' lang='lat' dir='ltr'>stylo</span> <span class='ocrx_word' id='word_1_402' title='bbox 1141 2860 1220 2914; x_wconf 84' lang='lat' dir='ltr'>brevi</span> <span class='ocrx_word' id='word_1_403' title='bbox 1231 2857 1518 2930; x_wconf 74' lang='lat' dir='ltr'>spiculata-Herba</span> <span class='ocrx_word' id='word_1_404' title='bbox 1535 2858 1585 2913; x_wconf 90' lang='lat' dir='ltr'>hu·</span> 
     </span>
    </p>
   </div>
   <div class='ocr_carea' id='block_1_4' title="bbox 185 2940 1584 3013">
    <p class='ocr_par' dir='ltr' id='par_1_10' title="bbox 185 2940 1584 3013">
     <span class='ocr_line' id='line_1_33' title="bbox 185 2940 1584 3013; baseline -0.001 -18"><span class='ocrx_word' id='word_1_405' title='bbox 185 2941 272 3005; x_wconf 89' lang='lat' dir='ltr'>miles,</span> <span class='ocrx_word' id='word_1_406' title='bbox 284 2942 395 2998; x_wconf 87' lang='lat' dir='ltr'>caudice</span> <span class='ocrx_word' id='word_1_407' title='bbox 404 2943 527 3013; x_wconf 89' lang='lat' dir='ltr'>perenni,</span> <span class='ocrx_word' id='word_1_408' title='bbox 537 2942 636 2997; x_wconf 88' lang='lat' dir='ltr'>habitu</span> <span class='ocrx_word' id='word_1_409' title='bbox 646 2943 823 2997; x_wconf 79' lang='lat' dir='ltr'>Roauacalis</span> <span class='ocrx_word' id='word_1_410' title='bbox 835 2941 946 3006; x_wconf 91' lang='lat' dir='ltr'>similes,</span> <span class='ocrx_word' id='word_1_411' title='bbox 958 2941 1084 3012; x_wconf 88' lang='lat' dir='ltr'>aquibus</span> <span class='ocrx_word' id='word_1_412' title='bbox 1094 2942 1203 2996; x_wconf 91' lang='lat' dir='ltr'>nonnisi</span> <span class='ocrx_word' id='word_1_413' title='bbox 1215 2941 1329 2996; x_wconf 87' lang='lat' dir='ltr'>floribus</span> <span class='ocrx_word' id='word_1_414' title='bbox 1339 2941 1434 2996; x_wconf 90' lang='lat' dir='ltr'>dioicis</span> <span class='ocrx_word' id='word_1_415' title='bbox 1443 2940 1584 2996; x_wconf 89' lang='lat' dir='ltr'>differunt.</span> 
     </span>
    </p>
   </div>
   <div class='ocr_carea' id='block_1_5' title="bbox 186 3029 1585 3177">
    <p class='ocr_par' dir='ltr' id='par_1_11' title="bbox 186 3029 1585 3177">
     <span class='ocr_line' id='line_1_34' title="bbox 219 3029 1585 3103; baseline -0.001 -17"><span class='ocrx_word' id='word_1_416' title='bbox 219 3037 316 3102; x_wconf 81' lang='lat' dir='ltr'>Species</span> <span class='ocrx_word' id='word_1_417' title='bbox 325 3041 348 3099; x_wconf 86' lang='lat'>4,</span> <span class='ocrx_word' id='word_1_418' title='bbox 357 3039 385 3088; x_wconf 91' lang='lat' dir='ltr'>in</span> <span class='ocrx_word' id='word_1_419' title='bbox 393 3038 508 3087; x_wconf 89' lang='lat' dir='ltr'>America</span> <span class='ocrx_word' id='word_1_420' title='bbox 519 3038 655 3088; x_wconf 90' lang='lat' dir='ltr'>antarctica</span> <span class='ocrx_word' id='word_1_421' title='bbox 666 3043 809 3087; x_wconf 87' lang='lat' dir='ltr'>crescentes.</span> <span class='ocrx_word' id='word_1_422' title='bbox 844 3038 901 3088; x_wconf 81' lang='lat' dir='ltr'>DC.</span> <span class='ocrx_word' id='word_1_423' title='bbox 914 3039 991 3090; x_wconf 82' lang='lat' dir='ltr'>Prod.</span> <span class='ocrx_word' id='word_1_424' title='bbox 1004 3040 1020 3088; x_wconf 81' lang='lat' dir='ltr'>i.</span> <span class='ocrx_word' id='word_1_425' title='bbox 1032 3041 1079 3090; x_wconf 80' lang='lat'>25:</span> <span class='ocrx_word' id='word_1_426' title='bbox 1097 3040 1179 3103; x_wconf 84' lang='lat' dir='ltr'>Wolp.</span> <span class='ocrx_word' id='word_1_427' title='bbox 1191 3042 1257 3089; x_wconf 76' lang='lat' dir='ltr'>Aac.</span> <span class='ocrx_word' id='word_1_428' title='bbox 1269 3029 1324 3091; x_wconf 67' lang='grc'>17)</span> <span class='ocrx_word' id='word_1_429' title='bbox 1343 3040 1457 3102; x_wconf 77' lang='lat' dir='ltr'>Hoolcs.</span> <span class='ocrx_word' id='word_1_430' title='bbox 1474 3039 1512 3086; x_wconf 87' lang='lat' dir='ltr'>Fl.</span> <span class='ocrx_word' id='word_1_431' title='bbox 1524 3040 1585 3086; x_wconf 75' lang='lat' dir='ltr'>Aet.</span> 
     </span>
     <span class='ocr_line' id='line_1_35' title="bbox 186 3116 741 3177; baseline 0 -12"><span class='ocrx_word' id='word_1_432' title='bbox 186 3116 242 3177; x_wconf 89' lang='grc'>227,</span> <span class='ocrx_word' id='word_1_433' title='bbox 253 3118 308 3166; x_wconf 85' lang='lat'>548.</span> <span class='ocrx_word' id='word_1_434' title='bbox 317 3121 334 3166; x_wconf 78' lang='lat' dir='ltr'>t.</span> <span class='ocrx_word' id='word_1_435' title='bbox 345 3118 385 3169; x_wconf 83' lang='lat'>85.</span> <span class='ocrx_word' id='word_1_436' title='bbox 420 3117 515 3165; x_wconf 74' lang='lat' dir='ltr'>Doleas.</span> <span class='ocrx_word' id='word_1_437' title='bbox 527 3118 562 3166; x_wconf 86' lang='lat' dir='ltr'>Ie.</span> <span class='ocrx_word' id='word_1_438' title='bbox 578 3118 628 3166; x_wconf 79' lang='lat' dir='ltr'>Sel.</span> <span class='ocrx_word' id='word_1_439' title='bbox 640 3117 656 3168; x_wconf 91' lang='lat' dir='ltr'>i.</span> <span class='ocrx_word' id='word_1_440' title='bbox 670 3121 688 3168; x_wconf 85' lang='lat' dir='ltr'>t.</span> <span class='ocrx_word' id='word_1_441' title='bbox 700 3120 741 3167; x_wconf 88' lang='grc'>22.</span> 
     </span>
    </p>
   </div>
   <div class='ocr_carea' id='block_1_6' title="bbox 184 3241 1585 3560">
    <p class='ocr_par' dir='ltr' id='par_1_12' title="bbox 184 3241 1585 3560">
     <span class='ocr_line' id='line_1_36' title="bbox 221 3241 1585 3315; baseline -0.001 -19"><span class='ocrx_word' id='word_1_442' title='bbox 221 3244 264 3296; x_wconf 83' lang='grc'>12.</span> <span class='ocrx_word' id='word_1_443' title='bbox 286 3244 485 3307; x_wconf 73' lang='lat' dir='ltr'>Oxygraphis,</span> <span class='ocrx_word' id='word_1_444' title='bbox 498 3243 604 3314; x_wconf 72' lang='lat' dir='ltr'>Ruspe,</span> <span class='ocrx_word' id='word_1_445' title='bbox 618 3244 668 3299; x_wconf 82' lang='lat' dir='ltr'>Fl.</span> <span class='ocrx_word' id='word_1_446' title='bbox 682 3244 743 3298; x_wconf 73' lang='lat' dir='ltr'>Act.</span> <span class='ocrx_word' id='word_1_447' title='bbox 759 3241 1046 3315; x_wconf 57' lang='lat' dir='ltr'>&amp;widh-Sepeia</span> <span class='ocrx_word' id='word_1_448' title='bbox 1058 3246 1084 3308; x_wconf 85' lang='lat'>5,</span> <span class='ocrx_word' id='word_1_449' title='bbox 1097 3241 1280 3314; x_wconf 86' lang='lat' dir='ltr'>persistentia.</span> <span class='ocrx_word' id='word_1_450' title='bbox 1309 3242 1407 3297; x_wconf 83' lang='lat' dir='ltr'>Patala</span> <span class='ocrx_word' id='word_1_451' title='bbox 1420 3245 1515 3304; x_wconf 87' lang='grc'><strong>10-15,</strong></span> <span class='ocrx_word' id='word_1_452' title='bbox 1525 3241 1585 3296; x_wconf 85' lang='grc' dir='ltr'><strong>1)εεί</strong></span> 
     </span>
     <span class='ocr_line' id='line_1_37' title="bbox 184 3323 1584 3396; baseline -0.001 -19"><span class='ocrx_word' id='word_1_453' title='bbox 184 3324 264 3378; x_wconf 85' lang='lat' dir='ltr'>fovea</span> <span class='ocrx_word' id='word_1_454' title='bbox 281 3323 446 3378; x_wconf 86' lang='lat' dir='ltr'>nectarifera</span> <span class='ocrx_word' id='word_1_455' title='bbox 463 3324 605 3396; x_wconf 86' lang='lat' dir='ltr'>impressa,</span> <span class='ocrx_word' id='word_1_456' title='bbox 623 3325 777 3395; x_wconf 87' lang='lat' dir='ltr'>conspicua.</span> <span class='ocrx_word' id='word_1_457' title='bbox 809 3325 937 3395; x_wconf 81' lang='lat' dir='ltr'>Carpella</span> <span class='ocrx_word' id='word_1_458' title='bbox 945 3341 988 3389; x_wconf 87' lang='lat'>00,</span> <span class='ocrx_word' id='word_1_459' title='bbox 1005 3325 1175 3380; x_wconf 84' lang='lat' dir='ltr'>uniovulata.</span> <span class='ocrx_word' id='word_1_460' title='bbox 1206 3326 1329 3379; x_wconf 89' lang='lat' dir='ltr'>Ovulum</span> <span class='ocrx_word' id='word_1_461' title='bbox 1347 3344 1364 3378; x_wconf 90' lang='lat' dir='ltr'>a</span> <span class='ocrx_word' id='word_1_462' title='bbox 1381 3324 1441 3379; x_wconf 89' lang='lat' dir='ltr'>basi</span> <span class='ocrx_word' id='word_1_463' title='bbox 1459 3325 1584 3378; x_wconf 76' lang='lat' dir='ltr'>caritatis</span> 
     </span>
     <span class='ocr_line' id='line_1_38' title="bbox 184 3405 1584 3478; baseline -0.001 -18"><span class='ocrx_word' id='word_1_464' title='bbox 184 3405 364 3461; x_wconf 87' lang='lat' dir='ltr'>adscendens.</span> <span class='ocrx_word' id='word_1_465' title='bbox 399 3405 525 3462; x_wconf 88' lang='lat' dir='ltr'>Achenia</span> <span class='ocrx_word' id='word_1_466' title='bbox 541 3407 669 3478; x_wconf 85' lang='lat' dir='ltr'>capitata,</span> <span class='ocrx_word' id='word_1_467' title='bbox 692 3407 766 3478; x_wconf 82' lang='lat' dir='ltr'>stylo</span> <span class='ocrx_word' id='word_1_468' title='bbox 784 3408 950 3478; x_wconf 88' lang='lat' dir='ltr'>persistente</span> <span class='ocrx_word' id='word_1_469' title='bbox 970 3406 1240 3462; x_wconf 79' lang='lat' dir='ltr'>rostrata-Herba</span> <span class='ocrx_word' id='word_1_470' title='bbox 1260 3406 1387 3470; x_wconf 86' lang='lat' dir='ltr'>humiles,</span> <span class='ocrx_word' id='word_1_471' title='bbox 1405 3405 1518 3460; x_wconf 88' lang='lat' dir='ltr'>caudice</span> <span class='ocrx_word' id='word_1_472' title='bbox 1537 3423 1584 3476; x_wconf 90' lang='lat' dir='ltr'>pe-</span> 
     </span>
     <span class='ocr_line' id='line_1_39' title="bbox 184 3488 1239 3560; baseline 0 -18"><span class='ocrx_word' id='word_1_473' title='bbox 184 3488 272 3542; x_wconf 90' lang='lat' dir='ltr'>renni.</span> <span class='ocrx_word' id='word_1_474' title='bbox 310 3488 390 3544; x_wconf 82' lang='lat' dir='ltr'>Folia</span> <span class='ocrx_word' id='word_1_475' title='bbox 401 3488 532 3544; x_wconf 86' lang='lat' dir='ltr'>radicalia</span> <span class='ocrx_word' id='word_1_476' title='bbox 543 3489 660 3558; x_wconf 81' lang='lat' dir='ltr'>integra.</span> <span class='ocrx_word' id='word_1_477' title='bbox 699 3488 781 3560; x_wconf 83' lang='lat' dir='ltr'>Scapi</span> <span class='ocrx_word' id='word_1_478' title='bbox 792 3489 869 3543; x_wconf 90' lang='lat' dir='ltr'>nudi.</span> <span class='ocrx_word' id='word_1_479' title='bbox 906 3489 1003 3544; x_wconf 84' lang='lat' dir='ltr'>Floras</span> <span class='ocrx_word' id='word_1_480' title='bbox 1016 3489 1140 3554; x_wconf 86' lang='lat' dir='ltr'>solitarii,</span> <span class='ocrx_word' id='word_1_481' title='bbox 1154 3490 1239 3544; x_wconf 88' lang='lat' dir='ltr'>aurei.</span> 
     </span>
    </p>
   </div>
   <div class='ocr_carea' id='block_1_7' title="bbox 186 3584 1583 3740">
    <p class='ocr_par' dir='ltr' id='par_1_13' title="bbox 186 3584 1583 3740">
     <span class='ocr_line' id='line_1_40' title="bbox 217 3584 1583 3650; baseline 0.001 -17"><span class='ocrx_word' id='word_1_482' title='bbox 217 3584 316 3648; x_wconf 81' lang='lat' dir='ltr'>Species</span> <span class='ocrx_word' id='word_1_483' title='bbox 328 3587 351 3644; x_wconf 90' lang='grc'>2,</span> <span class='ocrx_word' id='word_1_484' title='bbox 363 3585 389 3635; x_wconf 91' lang='lat' dir='ltr'>in</span> <span class='ocrx_word' id='word_1_485' title='bbox 400 3585 528 3634; x_wconf 89' lang='lat' dir='ltr'>montibus</span> <span class='ocrx_word' id='word_1_486' title='bbox 541 3585 608 3634; x_wconf 86' lang='lat' dir='ltr'>Asiae</span> <span class='ocrx_word' id='word_1_487' title='bbox 619 3585 791 3649; x_wconf 83' lang='lat' dir='ltr'>extratrcpicae</span> <span class='ocrx_word' id='word_1_488' title='bbox 802 3590 944 3634; x_wconf 89' lang='lat' dir='ltr'>crescentes.</span> <span class='ocrx_word' id='word_1_489' title='bbox 983 3586 1066 3650; x_wconf 67' lang='lat' dir='ltr'>Wabo.</span> <span class='ocrx_word' id='word_1_490' title='bbox 1079 3589 1142 3650; x_wconf 82' lang='lat' dir='ltr'>Bep.</span> <span class='ocrx_word' id='word_1_491' title='bbox 1153 3587 1169 3635; x_wconf 88' lang='lat' dir='ltr'>i.</span> <span class='ocrx_word' id='word_1_492' title='bbox 1181 3589 1228 3636; x_wconf 71' lang='lat' dir='ltr'>lc:</span> <span class='ocrx_word' id='word_1_493' title='bbox 1247 3589 1313 3635; x_wconf 80' lang='lat' dir='ltr'>Auo.</span> <span class='ocrx_word' id='word_1_494' title='bbox 1324 3587 1356 3636; x_wconf 82' lang='lat' dir='ltr'>iv.</span> <span class='ocrx_word' id='word_1_495' title='bbox 1370 3588 1410 3635; x_wconf 85' lang='lat'>31.</span> <span class='ocrx_word' id='word_1_496' title='bbox 1446 3587 1528 3650; x_wconf 70' lang='lat' dir='ltr'>Royle,</span> <span class='ocrx_word' id='word_1_497' title='bbox 1540 3586 1583 3634; x_wconf 84' lang='lat' dir='ltr'>Ill.</span> 
     </span>
     <span class='ocr_line' id='line_1_41' title="bbox 186 3661 1153 3740; baseline 0.002 -30"><span class='ocrx_word' id='word_1_498' title='bbox 186 3667 203 3711; x_wconf 80' lang='lat' dir='ltr'>t.</span> <span class='ocrx_word' id='word_1_499' title='bbox 218 3665 258 3711; x_wconf 90' lang='grc'>11.</span> <span class='ocrx_word' id='word_1_500' title='bbox 265 3665 291 3727; x_wconf 88' lang='lat' dir='ltr'>f.</span> <span class='ocrx_word' id='word_1_501' title='bbox 305 3666 329 3712; x_wconf 95' lang='grc'>2.</span> <span class='ocrx_word' id='word_1_502' title='bbox 363 3661 452 3712; x_wconf 77' lang='lat' dir='ltr'>Genus</span> <span class='ocrx_word' id='word_1_503' title='bbox 463 3679 478 3710; x_wconf 91' lang='lat' dir='ltr'>a</span> <span class='ocrx_word' id='word_1_504' title='bbox 489 3662 635 3713; x_wconf 66' lang='lat' dir='ltr'>Mnooculo</span> <span class='ocrx_word' id='word_1_505' title='bbox 646 3664 748 3712; x_wconf 91' lang='lat' dir='ltr'>nonnisi</span> <span class='ocrx_word' id='word_1_506' title='bbox 759 3664 849 3728; x_wconf 84' lang='lat' dir='ltr'>sepelis</span> <span class='ocrx_word' id='word_1_507' title='bbox 860 3664 1049 3740; x_wconf 81' lang='lat' dir='ltr'>persistentibus</span> <span class='ocrx_word' id='word_1_508' title='bbox 1062 3664 1153 3714; x_wconf 82' lang='lat' dir='ltr'>differt.</span> 
     </span>
    </p>
   </div>
   <div class='ocr_carea' id='block_1_8' title="bbox 648 3827 1117 3890">
    <p class='ocr_par' dir='ltr' id='par_1_14' title="bbox 648 3827 1117 3890">
     <span class='ocr_line' id='line_1_42' title="bbox 648 3827 1117 3890; baseline 0.006 -4"><span class='ocrx_word' id='word_1_509' title='bbox 648 3827 771 3887; x_wconf 73' lang='lat' dir='ltr'>Tarsus</span> <span class='ocrx_word' id='word_1_510' title='bbox 792 3828 849 3890; x_wconf 88' lang='lat' dir='ltr'>IV.</span> <span class='ocrx_word' id='word_1_511' title='bbox 879 3829 1117 3890; x_wconf 70' lang='lat' dir='ltr'>Hebraeorum.</span> 
     </span>
    </p>
   </div>
   <div class='ocr_carea' id='block_1_9' title="bbox 183 3955 1583 4929">
    <p class='ocr_par' dir='ltr' id='par_1_15' title="bbox 183 3955 1583 4521">
     <span class='ocr_line' id='line_1_43' title="bbox 220 3955 1580 4031; baseline -0.004 -19"><span class='ocrx_word' id='word_1_512' title='bbox 220 3959 263 4012; x_wconf 88' lang='lat'>13.</span> <span class='ocrx_word' id='word_1_513' title='bbox 283 3958 399 4022; x_wconf 73' lang='lat' dir='ltr'>Calcha,</span> <span class='ocrx_word' id='word_1_514' title='bbox 422 3957 505 4011; x_wconf 77' lang='lat' dir='ltr'>Lino.</span> <span class='ocrx_word' id='word_1_515' title='bbox 531 3958 599 4011; x_wconf 77' lang='lat' dir='ltr'>Gen.</span> <span class='ocrx_word' id='word_1_516' title='bbox 620 3977 647 4009; x_wconf 80' lang='lat' dir='ltr'>a.</span> <span class='ocrx_word' id='word_1_517' title='bbox 670 3955 872 4029; x_wconf 81' lang='lat' dir='ltr'>703.-Sepala</span> <span class='ocrx_word' id='word_1_518' title='bbox 888 3961 966 4023; x_wconf 88' lang='lat'>5-00,</span> <span class='ocrx_word' id='word_1_519' title='bbox 986 3960 1109 4031; x_wconf 78' lang='lat' dir='ltr'>aqualia,</span> <span class='ocrx_word' id='word_1_520' title='bbox 1129 3959 1258 4024; x_wconf 89' lang='lat' dir='ltr'>colorata,</span> <span class='ocrx_word' id='word_1_521' title='bbox 1277 3958 1402 4014; x_wconf 89' lang='lat' dir='ltr'>decidua.</span> <span class='ocrx_word' id='word_1_522' title='bbox 1440 3955 1536 4010; x_wconf 82' lang='lat' dir='ltr'>Petale</span> <span class='ocrx_word' id='word_1_523' title='bbox 1554 3958 1580 4008; x_wconf 90' lang='lat'>0.</span> 
     </span>
     <span class='ocr_line' id='line_1_44' title="bbox 185 4037 1582 4113; baseline -0.004 -19"><span class='ocrx_word' id='word_1_524' title='bbox 185 4038 312 4110; x_wconf 81' lang='lat' dir='ltr'>Carpella</span> <span class='ocrx_word' id='word_1_525' title='bbox 323 4054 359 4093; x_wconf 87' lang='lat'>00</span> <span class='ocrx_word' id='word_1_526' title='bbox 372 4040 471 4110; x_wconf 88' lang='lat' dir='ltr'>(pauca</span> <span class='ocrx_word' id='word_1_527' title='bbox 481 4058 507 4094; x_wconf 84' lang='lat' dir='ltr'>v.</span> <span class='ocrx_word' id='word_1_528' title='bbox 520 4040 687 4107; x_wconf 90' lang='lat' dir='ltr'>numerosa),</span> <span class='ocrx_word' id='word_1_529' title='bbox 700 4039 812 4103; x_wconf 78' lang='lat' dir='ltr'>sessilis,</span> <span class='ocrx_word' id='word_1_530' title='bbox 826 4059 905 4095; x_wconf 89' lang='lat' dir='ltr'>secus</span> <span class='ocrx_word' id='word_1_531' title='bbox 918 4047 1044 4097; x_wconf 91' lang='lat' dir='ltr'>suturam</span> <span class='ocrx_word' id='word_1_532' title='bbox 1055 4043 1208 4098; x_wconf 84' lang='lat' dir='ltr'>ventralem</span> <span class='ocrx_word' id='word_1_533' title='bbox 1220 4059 1270 4113; x_wconf 92' lang='lat' dir='ltr'>per</span> <span class='ocrx_word' id='word_1_534' title='bbox 1281 4046 1369 4096; x_wconf 88' lang='lat' dir='ltr'>totam</span> <span class='ocrx_word' id='word_1_535' title='bbox 1380 4037 1582 4108; x_wconf 84' lang='lat' dir='ltr'>longitudinem</span> 
     </span>
     <span class='ocr_line' id='line_1_45' title="bbox 184 4119 1583 4192; baseline -0.004 -16"><span class='ocrx_word' id='word_1_536' title='bbox 184 4121 338 4176; x_wconf 89' lang='lat' dir='ltr'>biseriatim</span> <span class='ocrx_word' id='word_1_537' title='bbox 361 4122 510 4192; x_wconf 85' lang='lat' dir='ltr'>evuligera,</span> <span class='ocrx_word' id='word_1_538' title='bbox 535 4121 697 4176; x_wconf 88' lang='lat' dir='ltr'>maturitate</span> <span class='ocrx_word' id='word_1_539' title='bbox 721 4121 896 4177; x_wconf 81' lang='lat' dir='ltr'>folliculatim</span> <span class='ocrx_word' id='word_1_540' title='bbox 920 4123 1098 4180; x_wconf 89' lang='lat' dir='ltr'>dehiscentia.</span> <span class='ocrx_word' id='word_1_541' title='bbox 1137 4124 1249 4179; x_wconf 85' lang='lat' dir='ltr'>Semina</span> <span class='ocrx_word' id='word_1_542' title='bbox 1260 4139 1303 4186; x_wconf 87' lang='lat'>00,</span> <span class='ocrx_word' id='word_1_543' title='bbox 1329 4119 1486 4181; x_wconf 88' lang='lat' dir='ltr'>obovoidea‚</span> <span class='ocrx_word' id='word_1_544' title='bbox 1509 4123 1583 4172; x_wconf 90' lang='lat' dir='ltr'>testa</span> 
     </span>
     <span class='ocr_line' id='line_1_46' title="bbox 184 4201 1581 4276; baseline -0.004 -18"><span class='ocrx_word' id='word_1_545' title='bbox 184 4208 325 4258; x_wconf 85' lang='lat' dir='ltr'>crustecea</span> <span class='ocrx_word' id='word_1_546' title='bbox 344 4202 413 4266; x_wconf 77' lang='lat' dir='ltr'>lavi,</span> <span class='ocrx_word' id='word_1_547' title='bbox 434 4204 520 4275; x_wconf 91' lang='lat' dir='ltr'>raphe</span> <span class='ocrx_word' id='word_1_548' title='bbox 541 4203 621 4258; x_wconf 88' lang='lat' dir='ltr'>valde</span> <span class='ocrx_word' id='word_1_549' title='bbox 641 4203 815 4274; x_wconf 90' lang='lat' dir='ltr'>prominente</span> <span class='ocrx_word' id='word_1_550' title='bbox 834 4223 905 4276; x_wconf 79' lang='lat' dir='ltr'>sape</span> <span class='ocrx_word' id='word_1_551' title='bbox 924 4206 1003 4276; x_wconf 90' lang='lat' dir='ltr'>quasi</span> <span class='ocrx_word' id='word_1_552' title='bbox 1021 4205 1244 4260; x_wconf 76' lang='lat' dir='ltr'>alata—Herba</span> <span class='ocrx_word' id='word_1_553' title='bbox 1264 4204 1376 4259; x_wconf 89' lang='lat' dir='ltr'>caudice</span> <span class='ocrx_word' id='word_1_554' title='bbox 1395 4201 1537 4271; x_wconf 84' lang='lat' dir='ltr'>caespitoso</span> <span class='ocrx_word' id='word_1_555' title='bbox 1554 4218 1581 4254; x_wconf 84' lang='lat' dir='ltr'>v.</span> 
     </span>
     <span class='ocr_line' id='line_1_47' title="bbox 183 4284 1581 4358; baseline -0.003 -19"><span class='ocrx_word' id='word_1_556' title='bbox 183 4303 236 4356; x_wconf 92' lang='lat' dir='ltr'>ope</span> <span class='ocrx_word' id='word_1_557' title='bbox 254 4285 427 4339; x_wconf 89' lang='lat' dir='ltr'>surculorum</span> <span class='ocrx_word' id='word_1_558' title='bbox 444 4290 636 4357; x_wconf 84' lang='lat' dir='ltr'>perennantes,</span> <span class='ocrx_word' id='word_1_559' title='bbox 654 4286 765 4357; x_wconf 78' lang='lat' dir='ltr'>glabra.</span> <span class='ocrx_word' id='word_1_560' title='bbox 801 4285 882 4340; x_wconf 87' lang='lat' dir='ltr'>Folia</span> <span class='ocrx_word' id='word_1_561' title='bbox 898 4287 1028 4341; x_wconf 86' lang='lat' dir='ltr'>radicalia</span> <span class='ocrx_word' id='word_1_562' title='bbox 1045 4287 1262 4358; x_wconf 85' lang='lat' dir='ltr'>palmatinervia,</span> <span class='ocrx_word' id='word_1_563' title='bbox 1284 4284 1469 4355; x_wconf 88' lang='lat' dir='ltr'>integerrima,</span> <span class='ocrx_word' id='word_1_564' title='bbox 1484 4300 1511 4335; x_wconf 86' lang='lat' dir='ltr'>v.</span> <span class='ocrx_word' id='word_1_565' title='bbox 1525 4300 1581 4336; x_wconf 89' lang='lat' dir='ltr'>cre-</span> 
     </span>
     <span class='ocr_line' id='line_1_48' title="bbox 183 4363 1580 4438; baseline -0.002 -18"><span class='ocrx_word' id='word_1_566' title='bbox 183 4371 259 4429; x_wconf 88' lang='lat' dir='ltr'>nata‚</span> <span class='ocrx_word' id='word_1_567' title='bbox 276 4365 336 4420; x_wconf 87' lang='lat' dir='ltr'>basi</span> <span class='ocrx_word' id='word_1_568' title='bbox 350 4367 470 4422; x_wconf 82' lang='lat' dir='ltr'>cordata</span> <span class='ocrx_word' id='word_1_569' title='bbox 488 4387 514 4420; x_wconf 79' lang='lat' dir='ltr'>v.</span> <span class='ocrx_word' id='word_1_570' title='bbox 527 4367 598 4422; x_wconf 90' lang='lat' dir='ltr'>lcbis</span> <span class='ocrx_word' id='word_1_571' title='bbox 616 4368 732 4422; x_wconf 88' lang='lat' dir='ltr'>intrusis</span> <span class='ocrx_word' id='word_1_572' title='bbox 754 4368 920 4422; x_wconf 87' lang='lat' dir='ltr'>auriculata:</span> <span class='ocrx_word' id='word_1_573' title='bbox 940 4369 1049 4423; x_wconf 89' lang='lat' dir='ltr'>caulina</span> <span class='ocrx_word' id='word_1_574' title='bbox 1069 4386 1157 4438; x_wconf 88' lang='lat' dir='ltr'>pauca</span> <span class='ocrx_word' id='word_1_575' title='bbox 1175 4388 1200 4421; x_wconf 90' lang='lat' dir='ltr'>v.</span> <span class='ocrx_word' id='word_1_576' title='bbox 1213 4372 1239 4421; x_wconf 92' lang='lat'>0.</span> <span class='ocrx_word' id='word_1_577' title='bbox 1277 4367 1374 4421; x_wconf 84' lang='lat' dir='ltr'>Floras</span> <span class='ocrx_word' id='word_1_578' title='bbox 1390 4365 1459 4419; x_wconf 88' lang='lat' dir='ltr'>lutei</span> <span class='ocrx_word' id='word_1_579' title='bbox 1476 4383 1503 4418; x_wconf 82' lang='lat' dir='ltr'>v.</span> <span class='ocrx_word' id='word_1_580' title='bbox 1516 4363 1580 4427; x_wconf 88' lang='lat' dir='ltr'>albi,</span> 
     </span>
     <span class='ocr_line' id='line_1_49' title="bbox 184 4447 1422 4521; baseline -0.002 -19"><span class='ocrx_word' id='word_1_581' title='bbox 184 4447 301 4503; x_wconf 88' lang='lat' dir='ltr'>solitarii</span> <span class='ocrx_word' id='word_1_582' title='bbox 309 4467 334 4502; x_wconf 83' lang='lat' dir='ltr'>v.</span> <span class='ocrx_word' id='word_1_583' title='bbox 344 4448 434 4518; x_wconf 88' lang='lat' dir='ltr'>pauci.</span> <span class='ocrx_word' id='word_1_584' title='bbox 467 4448 592 4502; x_wconf 86' lang='lat' dir='ltr'>Stamina</span> <span class='ocrx_word' id='word_1_585' title='bbox 604 4455 632 4503; x_wconf 91' lang='lat' dir='ltr'>et</span> <span class='ocrx_word' id='word_1_586' title='bbox 645 4450 763 4521; x_wconf 87' lang='lat' dir='ltr'>carpella</span> <span class='ocrx_word' id='word_1_587' title='bbox 774 4469 849 4504; x_wconf 93' lang='lat' dir='ltr'>nunc</span> <span class='ocrx_word' id='word_1_588' title='bbox 861 4466 1007 4503; x_wconf 83' lang='lat' dir='ltr'>numerosa</span> <span class='ocrx_word' id='word_1_589' title='bbox 1019 4466 1093 4503; x_wconf 89' lang='lat' dir='ltr'>nunc</span> <span class='ocrx_word' id='word_1_590' title='bbox 1105 4467 1193 4519; x_wconf 89' lang='lat' dir='ltr'>pauca</span> <span class='ocrx_word' id='word_1_591' title='bbox 1205 4452 1234 4502; x_wconf 90' lang='lat' dir='ltr'>et</span> <span class='ocrx_word' id='word_1_592' title='bbox 1246 4447 1422 4502; x_wconf 87' lang='lat' dir='ltr'>subdefinita.</span> 
     </span>
    </p>

    <p class='ocr_par' dir='ltr' id='par_1_16' title="bbox 183 4541 1581 4750">
     <span class='ocr_line' id='line_1_50' title="bbox 218 4541 1581 4609; baseline -0.002 -17"><span class='ocrx_word' id='word_1_593' title='bbox 218 4543 315 4609; x_wconf 87' lang='lat' dir='ltr'>Species</span> <span class='ocrx_word' id='word_1_594' title='bbox 324 4543 356 4591; x_wconf 91' lang='lat' dir='ltr'>ad</span> <span class='ocrx_word' id='word_1_595' title='bbox 363 4546 387 4602; x_wconf 89' lang='lat'>9,</span> <span class='ocrx_word' id='word_1_596' title='bbox 395 4543 423 4590; x_wconf 91' lang='lat' dir='ltr'>in</span> <span class='ocrx_word' id='word_1_597' title='bbox 433 4544 574 4607; x_wconf 87' lang='lat' dir='ltr'>regionibus</span> <span class='ocrx_word' id='word_1_598' title='bbox 582 4545 725 4608; x_wconf 88' lang='lat' dir='ltr'>temperatis</span> <span class='ocrx_word' id='word_1_599' title='bbox 733 4544 859 4609; x_wconf 82' lang='lat' dir='ltr'>frigidisve</span> <span class='ocrx_word' id='word_1_600' title='bbox 871 4549 1014 4604; x_wconf 84' lang='lat' dir='ltr'>crescentes,</span> <span class='ocrx_word' id='word_1_601' title='bbox 1023 4545 1037 4593; x_wconf 89' lang='lat'>5</span> <span class='ocrx_word' id='word_1_602' title='bbox 1047 4544 1163 4604; x_wconf 88' lang='lat' dir='ltr'>boreales,</span> <span class='ocrx_word' id='word_1_603' title='bbox 1174 4545 1192 4592; x_wconf 85' lang='lat'>4</span> <span class='ocrx_word' id='word_1_604' title='bbox 1203 4543 1329 4591; x_wconf 84' lang='lat' dir='ltr'>australes.</span> <span class='ocrx_word' id='word_1_605' title='bbox 1358 4541 1414 4591; x_wconf 72' lang='lat'>120.</span> <span class='ocrx_word' id='word_1_606' title='bbox 1421 4541 1499 4590; x_wconf 81' lang='lat' dir='ltr'>Prod.</span> <span class='ocrx_word' id='word_1_607' title='bbox 1512 4541 1529 4589; x_wconf 91' lang='lat' dir='ltr'>i.</span> <span class='ocrx_word' id='word_1_608' title='bbox 1540 4543 1581 4589; x_wconf 90' lang='lat'>44.</span> 
     </span>
     <span class='ocr_line' id='line_1_51' title="bbox 190 4619 1581 4686; baseline -0.004 -13"><span class='ocrx_word' id='word_1_609' title='bbox 190 4623 269 4685; x_wconf 71' lang='lat' dir='ltr'>walp.</span> <span class='ocrx_word' id='word_1_610' title='bbox 281 4623 343 4684; x_wconf 79' lang='lat' dir='ltr'>Rep.</span> <span class='ocrx_word' id='word_1_611' title='bbox 356 4620 433 4678; x_wconf 85' lang='lat' dir='ltr'>i.46;</span> <span class='ocrx_word' id='word_1_612' title='bbox 452 4622 515 4669; x_wconf 73' lang='lat' dir='ltr'>as:</span> <span class='ocrx_word' id='word_1_613' title='bbox 534 4621 600 4670; x_wconf 77' lang='lat' dir='ltr'>Ana.</span> <span class='ocrx_word' id='word_1_614' title='bbox 609 4622 625 4670; x_wconf 90' lang='lat' dir='ltr'>i.</span> <span class='ocrx_word' id='word_1_615' title='bbox 635 4625 682 4680; x_wconf 86' lang='lat'>11;</span> <span class='ocrx_word' id='word_1_616' title='bbox 700 4621 733 4670; x_wconf 88' lang='lat' dir='ltr'>iv.</span> <span class='ocrx_word' id='word_1_617' title='bbox 745 4625 785 4672; x_wconf 84' lang='lat'>30.</span> <span class='ocrx_word' id='word_1_618' title='bbox 819 4624 852 4672; x_wconf 82' lang='grc' dir='ltr'>Α.</span> <span class='ocrx_word' id='word_1_619' title='bbox 865 4624 944 4686; x_wconf 73' lang='lat' dir='ltr'>Groy,</span> <span class='ocrx_word' id='word_1_620' title='bbox 955 4621 1011 4670; x_wconf 76' lang='lat' dir='ltr'>Gen.</span> <span class='ocrx_word' id='word_1_621' title='bbox 1021 4621 1066 4669; x_wconf 85' lang='lat' dir='ltr'>Ill.</span> <span class='ocrx_word' id='word_1_622' title='bbox 1078 4625 1096 4669; x_wconf 86' lang='lat' dir='ltr'>t.</span> <span class='ocrx_word' id='word_1_623' title='bbox 1110 4623 1149 4669; x_wconf 86' lang='lat'>10.</span> <span class='ocrx_word' id='word_1_624' title='bbox 1183 4621 1310 4683; x_wconf 79' lang='lat' dir='ltr'>Jocqoem.</span> <span class='ocrx_word' id='word_1_625' title='bbox 1327 4621 1386 4684; x_wconf 75' lang='lat' dir='ltr'>Voy.</span> <span class='ocrx_word' id='word_1_626' title='bbox 1398 4623 1416 4668; x_wconf 87' lang='lat' dir='ltr'>t.</span> <span class='ocrx_word' id='word_1_627' title='bbox 1429 4621 1453 4668; x_wconf 90' lang='lat'>4.</span> <span class='ocrx_word' id='word_1_628' title='bbox 1484 4619 1581 4668; x_wconf 65' lang='lat' dir='ltr'>Recta</span> 
     </span>
     <span class='ocr_line' id='line_1_52' title="bbox 183 4698 514 4750; baseline -0.015 0"><span class='ocrx_word' id='word_1_629' title='bbox 183 4703 220 4750; x_wconf 87' lang='lat' dir='ltr'>Ic.</span> <span class='ocrx_word' id='word_1_630' title='bbox 231 4701 273 4748; x_wconf 78' lang='lat' dir='ltr'>Pl.</span> <span class='ocrx_word' id='word_1_631' title='bbox 289 4701 372 4748; x_wconf 79' lang='lat' dir='ltr'>Geras.</span> <span class='ocrx_word' id='word_1_632' title='bbox 383 4698 416 4746; x_wconf 87' lang='lat' dir='ltr'>iv.</span> <span class='ocrx_word' id='word_1_633' title='bbox 428 4702 447 4745; x_wconf 79' lang='lat' dir='ltr'>t.</span> <span class='ocrx_word' id='word_1_634' title='bbox 458 4699 514 4746; x_wconf 89' lang='lat'>101.</span> 
     </span>
    </p>

    <p class='ocr_par' dir='ltr' id='par_1_17' title="bbox 183 4774 1583 4929">
     <span class='ocr_line' id='line_1_53' title="bbox 217 4774 1582 4840; baseline -0.002 -13"><span class='ocrx_word' id='word_1_635' title='bbox 217 4778 438 4835; x_wconf 73' lang='lat' dir='ltr'>Percurremus,</span> <span class='ocrx_word' id='word_1_636' title='bbox 451 4775 525 4823; x_wconf 89' lang='lat' dir='ltr'>sectio</span> <span class='ocrx_word' id='word_1_637' title='bbox 541 4775 636 4825; x_wconf 73' lang='lat' dir='ltr'>caieta</span> <span class='ocrx_word' id='word_1_638' title='bbox 647 4776 716 4840; x_wconf 87' lang='lat' dir='ltr'>apud</span> <span class='ocrx_word' id='word_1_639' title='bbox 727 4775 791 4836; x_wconf 76' lang='lat' dir='ltr'>Du,</span> <span class='ocrx_word' id='word_1_640' title='bbox 804 4793 880 4840; x_wconf 91' lang='lat' dir='ltr'>quam</span> <span class='ocrx_word' id='word_1_641' title='bbox 892 4776 919 4825; x_wconf 83' lang='lat'>0.</span> <span class='ocrx_word' id='word_1_642' title='bbox 933 4774 989 4840; x_wconf 74' lang='lat' dir='ltr'>Gay</span> <span class='ocrx_word' id='word_1_643' title='bbox 1003 4774 1051 4839; x_wconf 74' lang='lat' dir='ltr'>(ul.</span> <span class='ocrx_word' id='word_1_644' title='bbox 1064 4774 1127 4823; x_wconf 84' lang='lat' dir='ltr'>Chii.</span> <span class='ocrx_word' id='word_1_645' title='bbox 1139 4776 1156 4824; x_wconf 90' lang='lat' dir='ltr'>i.</span> <span class='ocrx_word' id='word_1_646' title='bbox 1168 4774 1208 4826; x_wconf 90' lang='grc'>47.</span> <span class='ocrx_word' id='word_1_647' title='bbox 1221 4779 1240 4824; x_wconf 91' lang='lat' dir='ltr'>t.</span> <span class='ocrx_word' id='word_1_648' title='bbox 1251 4774 1278 4838; x_wconf 91' lang='grc'>2)</span> <span class='ocrx_word' id='word_1_649' title='bbox 1290 4791 1336 4840; x_wconf 88' lang='lat' dir='ltr'>pro</span> <span class='ocrx_word' id='word_1_650' title='bbox 1347 4790 1436 4839; x_wconf 85' lang='lat' dir='ltr'>genere</span> <span class='ocrx_word' id='word_1_651' title='bbox 1446 4775 1582 4839; x_wconf 87' lang='lat' dir='ltr'>proposuit,</span> 
     </span>
     <span class='ocr_line' id='line_1_54' title="bbox 183 4851 1583 4929; baseline -0.001 -24"><span class='ocrx_word' id='word_1_652' title='bbox 183 4856 275 4920; x_wconf 87' lang='lat' dir='ltr'>species</span> <span class='ocrx_word' id='word_1_653' title='bbox 290 4853 411 4904; x_wconf 69' lang='lat' dir='ltr'>annuales</span> <span class='ocrx_word' id='word_1_654' title='bbox 424 4852 543 4912; x_wconf 72' lang='lat' dir='ltr'>conduct,</span> <span class='ocrx_word' id='word_1_655' title='bbox 555 4867 570 4901; x_wconf 88' lang='lat' dir='ltr'>a</span> <span class='ocrx_word' id='word_1_656' title='bbox 580 4851 720 4901; x_wconf 85' lang='lat' dir='ltr'>borealibus</span> <span class='ocrx_word' id='word_1_657' title='bbox 733 4854 833 4904; x_wconf 90' lang='lat' dir='ltr'>nonnisi</span> <span class='ocrx_word' id='word_1_658' title='bbox 844 4854 908 4904; x_wconf 90' lang='lat' dir='ltr'>lobis</span> <span class='ocrx_word' id='word_1_659' title='bbox 919 4853 1036 4903; x_wconf 81' lang='lat' dir='ltr'>loliorum</span> <span class='ocrx_word' id='word_1_660' title='bbox 1046 4853 1125 4918; x_wconf 88' lang='lat' dir='ltr'>magis</span> <span class='ocrx_word' id='word_1_661' title='bbox 1136 4853 1240 4904; x_wconf 84' lang='lat' dir='ltr'>intrusis</span> <span class='ocrx_word' id='word_1_662' title='bbox 1251 4853 1447 4918; x_wconf 81' lang='lat' dir='ltr'>distinguendas.</span> <span class='ocrx_word' id='word_1_663' title='bbox 1481 4854 1523 4929; x_wconf 69' lang='lat' dir='ltr'>lix</span> <span class='ocrx_word' id='word_1_664' title='bbox 1533 4853 1583 4904; x_wconf 84' lang='lat' dir='ltr'>illis</span> 
     </span>
    </p>
   </div>
   <div class='ocr_carea' id='block_1_10' title="bbox 0 0 1782 5580">
    <p class='ocr_par' dir='ltr' id='par_1_18' title="bbox 0 0 1782 5580">
     <span class='ocr_line' id='line_1_55' title="bbox 0 0 1782 5580; baseline 0 0"><span class='ocrx_word' id='word_1_665' title='bbox 0 0 1782 5580; x_wconf 95' lang='lat' dir='ltr'> </span> 
     </span>
    </p>
   </div>
  </div>
 </body>
</html>
