3556 5580
196 349 387 420 Maenaliae]
703 351 756 406 IV.
776 351 1092 410 Maenomaenm.
1566 355 1600 410 18

228 499 327 565 Species
339 501 372 551 ad
384 504 424 564 14,
436 503 452 552 6
462 502 490 551 in
501 502 519 552 J
520 503 618 567 spania,
631 502 721 563 caina,
733 521 757 554 v.
769 502 907 568 Himelaya
917 505 1086 568 reperiuntur,
1094 505 1215 554 ceteram
1223 501 1341 553 Ameriae
1352 503 1445 553 boreali
1453 519 1477 552 v.
1490 503 1597 553 Maxico.

195 579 425 631 Damoetae.
463 581 614 644 Walp.Rep.
626 581 643 630 i.
655 581 704 633 70:
722 582 788 630 Arm.
801 581 818 630 i.
831 583 895 640 956;
914 582 947 632 iv.
960 585 1000 631 41.
1034 583 1068 631 rt
1084 583 1163 645 arcy,
1179 583 1436 641 8111812821.
1471 581 1544 630 Zrara
1556 583 1598 630 Pl.

195 657 258 706 Noa.
264 658 333 719 fasc.
345 659 371 708 ii.
384 663 402 708 t.
415 661 439 719 3,
449 661 474 707 4,
508 658 620 720 Horas.
632 659 675 714 lu.
688 659 758 707 11111.
771 659 813 707 Pl.
826 661 880 719 11,
893 661 916 710 5.

229 734 328 785 Genera
339 753 354 785 a
365 736 472 802 Spachio
483 737 612 802 proposita
626 737 700 801 (Suit.
716 737 784 786 Buff.
795 737 839 787 vii.
850 739 900 787 460
911 743 936 788 et
952 738 1014 804 seq.)
1033 738 1180 799 Iesmssm,
1198 737 1336 798 Ynnarra,
1349 739 1554 799 Tamasenum,
1572 743 1597 788 et

193 812 352 864 Lmranrnn
366 815 596 880 (Sennrocmus,
617 816 769 867 waucort.
788 833 813 882 p.
838 817 908 882 286),
925 818 1110 867 characteribus
1129 817 1228 866 levioris
1245 816 1368 867 momenti
1381 833 1396 865 a
1409 817 1542 880 Mapaolia
1561 832 1597 866 se·

192 896 324 956 parantur.

228 1008 254 1060 5.
275 1011 462 1073 Maaglietia,
475 1009 584 1073 Blcme,
596 1012 693 1082 Ba'jdr.
703 1014 735 1066 8:
757 1012 806 1066 Fl.
819 1014 884 1065 Jeo.
899 1012 1026 1082 Mepaol.
1040 1012 1083 1065 20.
1094 1017 1115 1063 1.
1125 1007 1286 1064 e-Pema
1298 1011 1376 1071 6-00,
1390 1007 1596 1062 Sooeeriatim

193 1088 346 1143 imbricata.
382 1090 655 1156 Anthcraelincares,
673 1092 771 1146 loculis
786 1093 938 1147 introrsum
955 1093 1075 1147 adeatis.
1112 1091 1315 1164 Gynophorum
1327 1090 1429 1144 sessile.
1468 1089 1596 1162 Carpella

193 1185 237 1235 00,
250 1172 279 1225 in
290 1171 440 1242 capitulum
453 1175 560 1229 ovalsm
571 1194 597 1229 v.
607 1175 928 1242 oblonaumsiibcoalite,
941 1164 1152 1238 S-oe'ovulatm
1175 1179 1286 1228 matura
1303 1173 1471 1244 sublignose‚
1495 1174 1595 1244 persis·

192 1254 289 1318 tentia,
301 1254 376 1309 inter
388 1273 417 1309 se
429 1256 528 1321 soluta,
542 1256 626 1312 dorso
637 1257 815 1312 dehiscentia.
853 1258 966 1312 Semina
979 1258 1154 1330 (Mappalia)
1168 1275 1219 1328 per
1230 1256 1358 1310 fissuram
1369 1255 1510 1310 mediante
1522 1255 1594 1310 funi-

192 1336 254 1391 culo
266 1336 389 1392 filiformi
397 1339 696 1409 pendula-Arbores.
733 1340 813 1395 Folia
825 1346 854 1396 ct
865 1340 1068 1395 inficrescentia
1080 1339 1240 1411 Mappalia.

191 1431 322 1558 PSpecies
335 1433 468 1492 5,inAsie
479 1436 575 1502 tropica
586 1441 730 1486 crescentes.
760 1437 843 1501 Woha
854 1435 921 1487 Aac.
933 1437 966 1486 iv.
978 1439 1019 1486 40.
1046 1436 1227 1500 1111111111.
1240 1435 1301 1483 Bar.
1314 1434 1490 1498 ipcrai'al5.
1519 1435 1594 1485 Wata

216 1511 233 1559 1.
244 1511 289 1560 Aa.
298 1511 360 1561 Iler.
373 1513 398 1561 ii.
411 1517 429 1562 t.
442 1516 498 1564 182.

227 1629 252 1680 6.
273 1632 425 1697 Micholis,
440 1630 523 1684 Lina.
541 1632 609 1686 Gerr.
622 1650 649 1686 a.
663 1631 863 1703 bille-Sepeia
882 1636 911 1686 st
931 1628 1023 1702 petala
1041 1629 1205 1701 plerumque
1226 1627 1377 1682 conformia
1395 1633 1423 1682 ot
1439 1628 1594 1683 concoloria

191 1712 269 1772 9-00,
283 1711 488 1766 S-eoseriatim
500 1712 654 1767 imbricata.
684 1711 816 1768 Aetherea
828 1713 954 1776 became,
968 1713 1065 1767 loculis
1077 1712 1228 1766 introrsum
1241 1710 1359 1765 adeatis.
1390 1709 1593 1781 Gynophorum

191 1791 356 1862 stipitatum.
397 1793 525 1866 Carpella
537 1810 580 1859 σο,
593 1795 707 1866 spicata,
720 1798 803 1849 8-00-
814 1795 914 1863 (rarius
935 1795 1107 1860 S-iovnleta3
1129 1799 1240 1849 matura
1251 1811 1330 1848 secus
1349 1794 1413 1847 axin
1432 1793 1593 1865 elongatum

190 1875 289 1946 saepius
302 1874 364 1929 laxo
375 1877 489 1946 spicata,
502 1877 633 1941 ccriecee,
653 1877 838 1948 persistentia,
852 1878 934 1933 dorso
947 1877 1124 1932 dehiscentia.
1163 1876 1274 1932 Semina
1287 1877 1461 1947 (Mapaoliae)
1480 1895 1530 1948 per
1547 1877 1592 1931 fis-

190 1974 283 2011 suram
295 1957 434 2013 mediante
447 1958 572 2014 funiculo
587 1959 710 2014 filiformi
725 1959 1024 2030 pendula.-Arbores.
1054 1959 1135 2015 Folia
1154 1961 1316 2033 Mappalia.
1353 1959 1449 2014 Flores
1468 1958 1592 2024 solitarii,

189 2039 317 2094 exiliores
328 2059 354 2095 v.
368 2040 397 2095 in
408 2058 464 2096 una
476 2042 566 2114 specie
578 2040 745 2104 terminales,
757 2040 842 2114 vulgo
854 2043 974 2098 minores
986 2060 1070 2115 quam
1082 2043 1112 2097 in
1124 2044 1282 2115 Mapaolic.

223 2135 322 2201 Species
341 2137 374 2186 ad
392 2140 432 2198 12,
451 2151 537 2186 omnes
555 2137 581 2187 in
599 2136 661 2186 Asia
678 2143 800 2187 montane
818 2156 842 2188 v.
860 2140 958 2205 tropica
975 2143 1119 2190 crescentes.
1158 2139 1241 2202 Wctp.
1260 2137 1325 2184 Aac.
1345 2137 1377 2185 iv.
1396 2139 1436 2184 38.
1472 2137 1535 2199 Miq.
1552 2137 1592 2187 Fl.

190 2215 247 2262 Iac.
264 2215 324 2263 Bar.
338 2215 355 2264 i.
364 2232 430 2280 pers
445 2217 471 2265 ii.
490 2218 530 2266 16,
565 2217 710 2265 DemeaIc.
724 2217 885 2267 8111185.
920 2218 1138 2278 elmeradus.
1152 2216 1295 2277 1111911011.
1313 2216 1375 2262 lad
1393 2216 1416 2262 5.
1456 2215 1531 2263 Well.
1551 2216 1592 2263 Pl.

194 2295 238 2342 Aa.
251 2294 312 2342 aar.
325 2295 351 2343 ii.
364 2303 381 2343 t.
395 2295 452 2347 147.
484 2296 575 2359 Wipar,
583 2297 619 2343 Io.
632 2300 649 2344 t.
662 2297 719 2344 938.
755 2297 838 2344 Haolc.
843 2297 869 2358 f.
882 2297 925 2344 Ill.
939 2296 1006 2345 Hine.
1019 2298 1062 2345 Pl.
1073 2301 1092 2345 1.
1104 2295 1120 2347 7
1122 2332 1129 2344 .

226 2407 251 2464 7.
272 2410 498 2478 Liriodsadron,
512 2411 597 2464 Lina
614 2409 683 2462 Gen.
696 2429 722 2461 a.
737 2407 937 2480 689.—Sepala
949 2407 974 2472 3,
988 2407 1097 2463 reflexa.
1135 2408 1233 2463 Petale
1244 2411 1269 2472 6,
1284 2407 1467 2471 conniventia,
1480 2408 1592 2462 2-seria·

190 2490 242 2544 tim
254 2489 408 2545 imbricata.
444 2490 715 2554 Anthcraelineares,
730 2497 884 2546 extrorsum
897 2491 1012 2546 eductae.
1050 2490 1252 2562 Gynophorum
1265 2491 1368 2545 sessile.
1406 2491 1592 2562 Carpelleob-

189 2571 399 2643 longo-spicata,
413 2569 570 2637 2-ovuleta3
589 2573 701 2628 demum
713 2572 883 2628 samaroidea
897 2573 981 2644 (stylo
993 2591 1091 2644 nempe
1105 2573 1269 2644 persistente
1281 2572 1310 2627 in
1322 2572 1395 2627 alam
1411 2572 1592 2627 lanceolatam

191 2653 327 2723 dilatato),
336 2654 365 2709 in
378 2655 525 2710 strobilum
538 2655 799 2728 oblongo-conicum
811 2656 895 2711 dense
907 2654 1061 2719 imbricata,
1074 2655 1237 2709 maturitate
1250 2654 1374 2718 decidua,
1384 2655 1592 2710 indehisccntia.

192 2735 305 2792 Semina
318 2739 378 2802 1-2,
392 2737 523 2794 funiculis
536 2737 707 2794 brevissimis
719 2737 849 2810 pendula,
862 2743 936 2793 testa
948 2738 1025 2792 tenui
1038 2737 1169 2802 coriacca,
1182 2737 1267 2809 rapha
1280 2743 1399 2809 anguste
1409 2738 1592 2809 prominente.

190 2819 319 2875 -Arbor
328 2812 436 2875 eximia.
455 2821 536 2876 Folia
545 2827 681 2884 truncata,
692 2820 914 2884 sinuato-liobe,
925 2821 1085 2875 vernatione
1094 2820 1123 2874 in
1132 2838 1242 2890 gemme
1251 2820 1425 2892 complanata
1436 2825 1593 2876 recurvato-

189 2903 299 2958 inversa
308 2921 359 2959 neo
369 2903 571 2976 conduplicata,
580 2904 688 2976 stipulis
698 2905 840 2976 oppositis.
859 2904 956 2958 Flores
966 2903 1059 2975 ampli,
1067 2903 1281 2968 flavo-virentes,
1292 2903 1416 2970 solitarii,
1425 2904 1592 2960 terminales.

222 2997 322 3065 Species
334 3002 358 3062 1,
367 2998 628 3050 boreali-Americana.
666 3001 721 3050 Dc.
734 3002 811 3050 Prod.
823 3002 840 3049 i.
853 3003 893 3050 82.
928 3000 959 3048 Α.
973 2997 1048 3065 drap,
1061 2998 1117 3049 Gen.
1130 3001 1174 3049 Ill.
1187 3002 1205 3048 t.
1218 3000 1258 3049 25.

641 3209 766 3266 Tereus
789 3209 851 3267 III.
894 3209 1141 3266 Summuranum.

224 3355 249 3407 8.
270 3358 461 3423 schinonem-a,
474 3353 562 3408 Mira.
576 3354 624 3408 Fl.
637 3353 707 3407 Bor.
720 3352 814 3406 Aruer.
826 3352 855 3405 ii.
869 3354 929 3407 218.
940 3359 960 3407 t.
973 3351 1151 3408 zea-Floras
1164 3352 1347 3407 unisexuelss.
1394 3352 1494 3424 Sepeia
1505 3357 1535 3407 et
1546 3371 1593 3424 pe-

148 3491 153 3500 ,
187 3435 246 3490 tela
257 3437 337 3500 9-12,
360 3436 395 3490 ab
416 3436 521 3491 extimo
541 3435 656 3491 minimo
677 3434 712 3488 ad
733 3433 832 3488 intima
849 3433 1005 3506 petaloidca
1026 3433 1165 3505 gradatim
1185 3439 1300 3489 mutata.
1338 3434 1382 3490 Fl.
1401 3436 1446 3504 ἅτ
1468 3435 1594 3490 Stamina

189 3521 268 3582 5-15,
291 3518 352 3573 basi
367 3536 393 3573 v.
407 3518 463 3574 alte
482 3518 512 3574 in
530 3535 650 3573 massam
669 3515 811 3587 globosam
823 3535 849 3570 v.
862 3516 959 3571 orbem
978 3512 1181 3588 monadelpha;
1201 3517 1380 3573 antherarum
1400 3518 1484 3572 loculi
1505 3519 1592 3589 parvi,

188 3599 340 3656 introrsum
359 3601 454 3656 adnati
466 3607 495 3657 et
511 3601 635 3674 parelleli
655 3619 681 3653 v.
691 3599 753 3670 plus
775 3600 868 3654 minus
886 3599 1000 3655 disereti
1016 3604 1044 3654 et
1059 3599 1196 3654 laterales.
1234 3600 1278 3654 Fl.
1298 3603 1314 3667 ῼ
1335 3625 1341 3655 :
1361 3601 1489 3672 Carpelle
1500 3618 1544 3665 00,
1564 3604 1592 3656 2-

188 3683 307 3747 ovulata‚
320 3685 441 3754 primum
450 3684 736 3756 imbricato-capitata,
749 3701 814 3738 mox
825 3683 870 3737 axi
882 3682 1011 3752 elongata
1026 3681 1088 3736 laxe
1108 3682 1213 3753 spicata
1225 3705 1233 3746 ς
1251 3689 1361 3737 matura
1378 3684 1499 3748 baccata,
1517 3684 1593 3739 inde-

185 3763 330 3819 hiscentia.
369 3767 481 3821 Semina
492 3766 661 3829 reniformia‚
675 3771 748 3820 testa
761 3764 1075 3820 crustacea.-Frutiocs
1088 3764 1260 3818 sarmentosi.
1282 3765 1363 3820 Folia
1374 3767 1592 3830 membranacea,

185 3846 478 3918 pellucido-punctam,
492 3849 666 3921 exstipulata.
704 3848 861 3903 Pedunculi
878 3846 1002 3910 solitarii,
1014 3845 1135 3909 uniflori,
1149 3846 1185 3900 ad
1202 3846 1283 3902 basin
1299 3848 1511 3904 innovationem
1527 3849 1592 3904 axil-

187 3929 267 3984 laces.
305 3928 403 3985 Flores
415 3931 502 3993 rubri,
515 3931 684 3995 flavioautes,
696 3949 723 3986 v.
737 3930 830 3986 albidi.

219 4025 317 4090 Species
329 4027 353 4085 6,
366 4028 380 4073 l
393 4027 420 4074 in
430 4025 550 4076 Ameriae
569 4027 669 4086 boreali,
691 4030 778 4076 estere
788 4026 816 4075 in
826 4024 889 4073 Asia
902 4022 1000 4086 tropica
1017 4039 1041 4072 v.
1054 4021 1170 4071 orientali
1188 4028 1312 4073 crescunt.
1346 4027 1401 4076 DC.
1413 4028 1493 4076 Prod.
1506 4028 1522 4077 i.
1535 4031 1591 4077 104.

186 4103 219 4151 A.
234 4104 309 4168 Gray,
322 4104 378 4153 Gen.
391 4105 435 4155 Ill.
449 4109 467 4152 t.
480 4103 519 4155 27.
1435 4154 1438 4157 Α

219 4183 431 4243 Senmaosruma,
443 4183 538 4243 Bruma,
551 4183 636 4249 Bijdr.
648 4186 696 4243 223
716 4185 754 4232 Fa
766 4184 825 4233 Joo.
840 4179 981 4230 actaeae.
994 4178 1047 4228 xiii.
1063 4182 1081 4226 1.
1094 4181 1118 4238 3,
1130 4180 1154 4238 4,
1167 4178 1190 4237 5,
1208 4194 1287 4243 genus
1305 4181 1339 4230 ed
1358 4183 1452 4246 species
1469 4184 1592 4234 Asiaticas

186 4261 354 4310 constitutum
367 4261 466 4310 differre
474 4261 566 4310 dicitur
575 4261 665 4326 sepelis
676 4261 814 4326 petalisque
825 4260 913 4309 ordine
923 4255 1033 4305 ternario
1047 4270 1093 4304 nec
1104 4255 1219 4319 quinario
1231 4255 1359 4321 dispositis
1371 4265 1396 4308 et
1407 4262 1543 4311 staminum
1556 4263 1592 4311 in·

186 4338 250 4388 dole.
278 4339 368 4404 Sepala
378 4345 462 4389 tamen
473 4340 500 4388 in
511 4341 629 4390 omnibus
641 4341 764 4406 gradatim
775 4340 803 4388 in
813 4337 896 4404 petala
907 4338 1005 4384 mutata
1016 4337 1076 4382 sunt
1086 4339 1112 4382 et
1122 4334 1148 4380 in
1160 4335 1289 4398 speciebus
1300 4335 1418 4388 Asiaticis
1430 4341 1470 4390 uti
1480 4341 1507 4390 in
1518 4341 1592 4389 Ame-

185 4417 283 4477 ricauis,
294 4433 366 4482 oequo
377 4417 429 4468 fere
444 4419 501 4483 jure
512 4419 588 4484 quina
599 4437 623 4469 v.
635 4425 708 4469 terne
719 4421 845 4469 dieuntrrr.
880 4413 1052 4470 Antlrererum
1063 4411 1139 4460 loculi
1150 4412 1178 4460 in
1197 4413 1256 4477 apa.
1269 4415 1383 4478 elongato
1395 4423 1420 4466 et
1434 4421 1529 4482 prandi
1549 4435 1592 4467 oro

184 4497 361 4545 connectivum
376 4497 457 4546 latum
472 4499 615 4562 marginaut
632 4504 662 4548 111
677 4500 704 4547 in
724 4501 749 4547 S.
762 4497 879 4555 cocciaco,
891 4498 917 4542 et
928 4490 1035 4555 simplici
1051 4490 1112 4538 serie
1124 4491 1248 4554 subquina
1265 4498 1324 4541 sunt
1342 4495 1369 4543 in
1380 4494 1405 4543 S.
1417 4497 1548 4560 Japoaico,
1560 4497 1592 4546 A.

183 4572 263 4638 Scap,
280 4575 308 4622 in
324 4575 403 4624 Mem.
414 4575 500 4624 Amor.
512 4575 591 4624 Acad.
602 4575 636 4625 vi.
655 4577 711 4625 380.
746 4576 810 4624 Haec
824 4573 918 4638 speciae
936 4586 951 4619 a
969 4568 1117 4631 repravare
1132 4583 1179 4633 pro
1199 4585 1288 4632 genero
1306 4575 1409 4636 proprio
1425 4577 1471 4625 sub
1492 4575 1593 4624 nomine

185 4651 406 4701 Maxrnovmzrm
417 4653 575 4719 proponitur.
615 4653 697 4716 Walp.
710 4652 775 4700 Aera.
786 4651 820 4700 iv.
832 4649 874 4703 79.
908 4648 1012 4696 Maxim.
1025 4645 1250 4695 paenulae.
1263 4651 1303 4707 81,
1316 4653 1370 4699 tl.

221 4770 247 4821 9.
268 4774 420 4838 Kadsnra,
433 4769 552 4838 Koempfi
563 4789 596 4822 ee
605 4769 680 4822 Jeec.
689 4769 720 4822 ia
729 4767 804 4822 Aac.
815 4767 892 4820 Mes.
902 4763 957 4817 xvi.
968 4765 1029 4817 340.
1051 4760 1259 4834 (Sercocarpora
1271 4766 1380 4829 Blaene,
1390 4769 1487 4838 Bijdr.
1500 4771 1593 4834 Sidu-

184 4847 283 4904 Floras
294 4850 478 4905 rmisexuales.
516 4850 618 4922 Sepala
630 4856 658 4906 et
670 4849 762 4922 petala
769 4852 848 4912 945,
858 4848 893 4902 ab
903 4845 1005 4902 extimo
1015 4844 1130 4898 minimo
1143 4844 1179 4899 ad
1188 4845 1448 4917 intimapetaloidee
1456 4850 1594 4920 gradatim

185 4935 303 4986 mutata
340 4931 384 4986 ΕΙ.
402 4932 450 5002 81
471 4932 598 4988 Stamina
615 4947 657 4996 00,
680 4930 800 4987 discreta
820 4951 847 4987 v.
870 4929 898 4983 in
918 4926 1032 4999 globum
1050 4926 1168 4990 coalita;
1191 4926 1370 4983 anthererum
1391 4930 1476 4986 loculi
1496 4932 1594 4988 breves

1430 5016 1484 5073 02
