3556 5580
776 499 1037 557 CONSPEOTUS.

338 708 339 711 Ἴ
389 647 478 695 Petala
487 647 627 712 scpaloidea
638 648 664 697 in
679 648 844 697 liliaceorsm
855 649 986 714 generibus
997 650 1091 714 paucis.

388 723 478 773 Discus
497 725 610 790 petalifer
628 730 654 776 et
674 725 813 776 staminiser
832 728 966 791 capulatus
984 727 1074 793 calycis
1091 728 1145 777 basi
1155 726 1212 791 plus
1224 725 1307 775 minus
1319 725 1427 775 adnatus
1439 729 1464 774 ct
1476 726 1507 774 ab
1519 725 1603 774 ovatio

420 803 491 864 liber,
503 805 592 868 petalis
605 806 802 869 straminibusque
813 821 882 854 more
890 805 1094 871 Oalyciflorarum
1102 806 1227 871 perigynis
1236 805 1264 854 in
1275 805 1407 870 generibus
1418 803 1504 868 paucis
1515 804 1604 867 sapius

421 883 588 948 monotypicis
601 883 727 933 Ordinum
738 885 857 948 plurium.

388 959 468 1010 Torua
486 961 514 1009 in
532 962 629 1012 discum
649 979 773 1027 expansus
792 963 819 1011 in
830 962 942 1023 Paeonio,
953 963 979 1011 in
1000 961 1166 1025 Capparideis
1184 961 1318 1021 nonnullis,
1331 961 1357 1009 in
1374 961 1520 1010 Raedoeeis
1536 965 1561 1010 at
1577 961 1604 1008 in

420 1040 550 1103 generibus
561 1040 688 1089 nonnullis
699 1041 873 1100 Bixoceaaam,
889 1041 1117 1101 Tremandrearam,
1129 1045 1154 1089 et
1168 1040 1343 1088 Piliaceoawn.

389 1117 498 1167 Fructus
508 1117 601 1168 inferus
613 1136 643 1168 ex
655 1120 739 1168 orario
751 1136 842 1184 supero
853 1120 879 1168 in
890 1120 1021 1183 generibus
1033 1123 1049 1168 2
1064 1119 1346 1168 Terostroemiacearum.

307 1207 415 1257 Conone
427 1209 449 1256 1.
467 1209 601 1259 Baianas.
636 1209 749 1259 Stamina
762 1225 790 1259 oo
809 1229 832 1260 v.
845 1213 866 1261 si
884 1211 986 1261 definita
1002 1210 1173 1276 perianthium
1185 1210 1390 1259 aaa-sertatum.
1425 1207 1541 1282 Gynoecii
1552 1225 1603 1258 car·

273 1287 339 1352 pella
350 1287 469 1337 distincta
480 1305 504 1338 v.
516 1292 573 1338 toro
584 1289 708 1338 immersa.
743 1289 870 1339 Albumon
881 1290 971 1354 sapius
983 1290 1119 1354 copiosum,
1131 1304 1272 1337 carnosum.

307 1366 642 1416 Conons2.PA121nmnns.
676 1367 790 1417 Stamina
803 1383 830 1417 oo
843 1367 986 1418 vrdefinita.
1022 1365 1605 1431 Ovariuml·locularev.dissepimentisspuriis

274 1445 382 1494 divisum
392 1445 512 1509 placentis
523 1445 693 1510 parietalibus.
727 1446 854 1496 Albnmen
865 1450 916 1496 ov.
929 1461 1070 1495 carnosum.

308 1523 414 1573 Conona
427 1527 451 1572 3.
478 1525 669 1574 Ponieamnm.
714 1523 827 1575 Stamina
844 1525 954 1574 delinita.
996 1522 1117 1574 Ovarium
1137 1524 1227 1588 saepius
1247 1522 1355 1588 perfecte
1373 1541 1397 1572 v.
1418 1522 1560 1588 imperfecte
1578 1527 1604 1573 2·

272 1602 388 1652 Ioculare.
423 1602 564 1652 Ovulorum
574 1602 711 1668 micropyle
722 1603 811 1668 sapius
823 1619 920 1668 supera.
954 1603 1063 1651 Fructus
1075 1602 1272 1666 saepiusalatere
1281 1618 1443 1666 compressus.
1477 1602 1604 1652 Albumen

273 1682 363 1746 sapius
374 1683 502 1746 copiosum
513 1698 653 1731 carnosum.

305 1759 411 1809 Conona
422 1763 446 1809 4.
465 1760 726 1810 Onnroanmmma.
760 1759 874 1809 Stamina
884 1759 989 1809 delinita
995 1776 1018 1808 v.
1027 1759 1108 1808 rarius
1123 1773 1161 1808 oo.
1195 1759 1319 1808 Ovarium
1330 1758 1472 1820 1-loculare,
1484 1759 1604 1823 placentis

273 1855 287 1888 e
297 1839 352 1889 basi
361 1838 438 1889 loculi
448 1839 569 1899 oriundis,
581 1840 608 1887 in
619 1839 701 1888 medio
717 1838 799 1888 loculo
809 1839 875 1887 inter
886 1854 918 1900 se,
929 1839 1009 1887 rarius
1022 1838 1094 1886 dorso
1106 1853 1164 1886 eum
1175 1829 1320 1902 parietibus,
1329 1838 1449 1887 connatis.
1477 1838 1605 1887 Albuman

272 1918 362 1982 saepius
373 1917 509 1967 farinosum
521 1919 657 1982 embryone
667 1917 822 1982 peripherico
833 1935 857 1966 v.
870 1917 1018 1966 excentrica.

305 1997 412 2045 Sonans
425 1998 447 2046 5.
467 1995 679 2045 Gormrsaauns.
725 1996 814 2061 Sepala
831 1996 970 2046 imbricata.
1005 1995 1117 2044 Stamina
1139 1996 1228 2061 saepius
1254 2009 1290 2044 oo.
1326 1994 1449 2045 Ovarium
1471 2000 1605 2060 septatum,

270 2074 390 2140 placentis
401 2074 493 2139 angulo
503 2075 603 2123 interno
614 2075 754 2125 loculorum
765 2075 850 2125 affixis.
884 2075 1012 2123 Albumen
1023 2078 1040 2122 0
1051 2091 1075 2123 v.
1087 2089 1229 2123 carnosum.

306 2153 412 2203 Conona
425 2156 450 2203 6.
468 2154 623 2202 vamas.
670 2154 758 2218 Sepala
776 2155 882 2203 valvata.
917 2154 1030 2202 Stamina
1049 2154 1139 2218 saepius
1164 2167 1192 2202 oo
1216 2171 1240 2202 v.
1263 2152 1438 2218 monadelpha.
1484 2153 1605 2202 Ovarium

271 2238 397 2298 septatum
407 2232 529 2297 placentis
542 2231 633 2296 angulo
645 2233 744 2282 interno
755 2232 895 2282 loculorum
906 2233 995 2282 affixis.
1028 2233 1156 2283 Albumen
1167 2235 1218 2282 ov.
1230 2248 1369 2281 carnosum.
1397 2267 1399 2271 .

241 2310 316 2376 (Vide
326 2311 420 2360 Idaeas
432 2312 675 2374 Molptyltiaceacqae
686 2312 777 2376 pluras,
793 2312 934 2360 Cortonam
946 2315 971 2360 et
982 2327 1071 2375 genera
1082 2314 1185 2375 excepta
1196 2310 1302 2359 aliorum
1314 2310 1440 2360 Ordinum
1451 2309 1516 2361 inter
1524 2311 1604 2360 Disci-

204 2390 278 2440 floraa
291 2390 358 2439 diseo
369 2407 393 2438 v.
402 2389 472 2438 nullo
485 2406 507 2438 v.
520 2407 535 2438 a
546 2389 638 2453 cupula
649 2389 802 2439 staminifera
812 2390 855 2438 vix
867 2389 1063 2454 diatinguando.)

240 2469 316 2533 (Vide
335 2471 412 2518 etiam
429 2470 608 2528 Ooaaaroeeos,
620 2468 796 2533 Laywminosoa
807 2485 820 2518 a
831 2469 966 2518 subordine
983 2469 1166 2528 Mimoaearum,
1178 2471 1203 2516 et
1219 2483 1308 2532 genera
1325 2483 1404 2532 pauca
1416 2468 1482 2517 inter
1493 2467 1603 2531 Leqwmi·

204 2565 280 2599 notas
292 2547 488 2613 Popilionoceos
499 2564 524 2596 v.
536 2547 601 2596 inter
611 2546 788 2610 Socifraqolec
799 2546 946 2595 staminibus
958 2563 1016 2596 vero
1023 2545 1184 2612 hypogynis.)

540 2728 660 2784 Gonons
679 2729 705 2785 Ι.
730 2729 870 2785 Rnnnnns
892 2729 1069 2803 (Gynoecium
1081 2729 1268 2803 apocarpum).

242 2867 366 2924 Stamina
378 2882 421 2931 00,
434 2885 460 2920 v.
475 2867 499 2921 si
511 2866 625 2922 definita
636 2868 787 2939 perianthii
796 2868 984 2924 3-00-serialis
997 2867 1120 2923 seriebus
1132 2866 1310 2922 interioribus
1320 2865 1455 2936 opposita.
1476 2864 1605 2937 Gynoecii

154 3001 156 3006 ,
205 2952 325 3024 carpella
344 2950 475 3005 distincta
492 2968 519 3005 u.
533 2956 594 3004 toro
611 2969 727 3006 carnoso
745 2952 876 3006 immersa
894 2956 923 3007 et
940 2952 999 3022 ejus
1022 2969 1073 3022 ope
1086 2949 1193 3006 coalita.
1231 2948 1387 3003 Ovulorum
1398 2948 1549 3020 micropyle
1562 2950 1604 3004 in·

205 3036 264 3091 fera
275 3054 302 3089 v,
314 3033 404 3089 rarius
417 3050 524 3103 supera.
561 3031 689 3103 Embryo
701 3033 730 3088 in
743 3034 884 3089 albuminc
898 3052 1012 3089 carnoso
1025 3034 1124 3104 saepius
1138 3052 1239 3104 parvus
1252 3051 1279 3086 v.
1292 3031 1432 3086 minimus.

238 3133 367 3197 Excepta:
385 3129 498 3179 Stamina
508 3129 549 3179 hic
560 3129 611 3179 illic
623 3130 727 3178 definita
734 3135 869 3179 occurrunt
880 3131 907 3179 in
919 3131 1056 3179 Ordinibus
1068 3147 1083 3179 a
1093 3146 1181 3179 norma
1192 3128 1344 3195 polyandris¹

387 3208 503 3275 Gynoecii
521 3208 629 3273 carpello
646 3209 755 3258 breviter
772 3226 796 3258 v.
808 3209 888 3257 rarius
906 3209 974 3258 ultra
990 3209 1103 3258 medium
1122 3209 1213 3258 coalita
1225 3208 1348 3273 (apicibus
1366 3211 1452 3256 tamen
1468 3206 1562 3271 liberis)
1577 3207 1604 3256 in

419 3288 549 3357 generibus
566 3287 687 3353 pluribus,
699 3288 801 3337 omnino
812 3288 903 3337 coalita
919 3288 945 3336 in
963 3288 1086 3348 Dillem'a,
1097 3289 1197 3348 Ariona,
1210 3288 1359 3348 Monodora,
1376 3292 1401 3335 et
1416 3287 1605 3351 Nyamltaeoceis

418 3367 553 3417 nonnullis.

387 3445 528 3503 Orulorum
535 3446 672 3511 mieropyle
684 3462 774 3511 supera
784 3447 811 3495 in
822 3445 854 3494 M
853 3446 1047 3510 aniepermacea'c,
1056 3446 1251 3510 pseudo-supera
1262 3443 1350 3510 (rapha
1357 3443 1458 3508 dorsali)
1469 3445 1496 3493 in
1504 3444 1604 3492 Ronan-

420 3525 528 3572 caloeeia
539 3525 673 3573 nonnullis.

386 3603 500 3667 Embryo
511 3602 607 3652 ratione
618 3603 753 3653 albuminis
771 3602 868 3668 longior
883 3603 910 3651 in
927 3602 1144 3666 Meniopermoceia
1160 3602 1276 3667 pluribus
1293 3606 1319 3651 et
1337 3602 1365 3650 in
1375 3602 1508 3666 generibus
1518 3601 1604 3667 paucis

421 3682 528 3730 aliorum
537 3680 671 3730 Ordinnm.

387 3760 513 3810 Albumen
524 3760 595 3808 adest
605 3761 633 3808 in
648 3760 860 3824 Oomcantboceia,
871 3760 898 3808 in
910 3760 1132 3822 Meniapermaceia,
1150 3759 1327 3823 Paclyyoaeia,
1338 3765 1364 3807 et
1373 3759 1401 3806 in
1413 3759 1548 3807 Nelumbio.

577 3867 592 3900 *
610 3867 706 3932 Sepola
718 3867 733 3916 5
745 3885 767 3916 o.
775 3869 910 3932 pauciora.
943 3869 1038 3917 Patala
1049 3868 1234 3916 subl-seriata.

306 3961 328 4009 Ι.
346 3960 580 4009 Ranonoomonm.
615 3958 705 4022 Sopala
724 3958 837 4019 decidua,
850 3959 939 4023 saepius
957 3958 1074 4008 colorata.
1110 3958 1223 4007 Stamina
1245 3971 1282 4006 oo.
1318 3957 1419 4007 Semina
1437 3958 1605 4008 armillata.—

273 4039 365 4088 Horbae
377 4036 533 4086 alternisoliae
543 4054 567 4085 v.
579 4035 681 4085 frutices
693 4038 838 4086 scandentes
850 4037 1021 4101 oppositifolii.
1056 4037 1161 4101 Stipulae
1171 4053 1285 4102 perrarae.

305 4118 344 4166 II.
360 4116 560 4165 Dmuaumoam.
596 4115 684 4180 Sepala
692 4116 820 4175 herbacea,
830 4117 993 4182 persistentia.
1028 4116 1173 4165 Staminaoo
1186 4133 1209 4166 v.
1219 4117 1298 4165 mrim
1309 4117 1468 4166 subdefinita.
1502 4116 1602 4166 Semina

271 4194 524 4246 millam-Francos
536 4193 706 4243 suffruticesve
718 4194 869 4255 alternifolii,
880 4195 961 4244 rarius
972 4196 1080 4245 arbores.
1115 4195 1219 4260 Stipulae
1230 4212 1343 4260 perrara.

471 4297 503 4330 *ὓ
522 4298 693 4346 Perioatltiam
705 4300 906 4358 3-00aeaatwm,
918 4300 1008 4362 amalis
1018 4316 1039 4347 a.
1048 4300 1145 4363 petalis
1156 4300 1340 4348 2-00-aeriotic.

306 4377 360 4427 III.
378 4376 623 4426 cinnamomum.
658 4375 745 4425 Patala
760 4382 786 4425 et
803 4378 910 4425 stamina
927 4378 1016 4442 saepius
1031 4392 1068 4426 oo.
1102 4378 1182 4427 Torus
1197 4379 1337 4439 tubulosus,
1350 4377 1456 4442 carpella
1466 4375 1604 4425 includens.

271 4457 399 4507 Albuman
410 4459 433 4504 0.
469 4455 1121 4521 cotyledonesconvoluta—Francosoppositifolii.
1155 4457 1259 4521 Stipulae
1270 4461 1293 4506 0.

304 4535 351 4585 IV.
368 4532 582 4582 Maanoataonm.
616 4533 702 4582 Patala
713 4539 739 4582 et
757 4535 864 4583 stamina
881 4534 971 4598 saepius
992 4548 1029 4583 oo.
1063 4535 1143 4584 'Porus
1160 4536 1241 4585 brevis
1257 4551 1281 4585 v,
1294 4536 1431 4600 elongatus,
1447 4533 1553 4599 carpella
1564 4550 1604 4583 ax·

272 4619 383 4664 trorsum
400 4611 489 4661 ferens.
534 4611 661 4661 Albumen
684 4613 821 4677 copiosum.
872 4613 986 4677 Embryo
1008 4613 1274 4663 minutum—Arbores
1297 4615 1430 4664 fruticesve
1452 4612 1604 4663 alternisolii.

273 4691 377 4757 Stipulae
389 4691 481 4739 adsum
492 4689 519 4738 in
531 4691 687 4752 Maynolieis.

306 4772 338 4820 V.
356 4770 517 4819 Aramaua.
560 4769 645 4817 Floras
656 4767 745 4832 sapius
756 4769 853 4828 3·meri‚
866 4769 954 4833 scpalis
966 4771 1096 4832 laetiatis,
1107 4772 1196 4836 petalis
1207 4771 1329 4821 2·seriatia
1340 4771 1516 4821 crassiusculis.
1551 4771 1604 4820 Sta·

272 4850 342 4901 mina
361 4863 399 4908 00,
417 4848 507 4911 sapius
525 4845 708 4896 confertissima.
743 4847 824 4896 {Porus
844 4849 932 4898 brevis.
968 4849 1081 4914 Carpella
1101 4851 1190 4915 sapius
1214 4865 1252 4901 oo.
1294 4851 1408 4916 Embryo
1430 4851 1456 4899 in
1478 4850 1604 4899 albumine

272 4930 372 4995 copioso
383 4927 513 4992 insigniter
523 4926 650 4974 ruminate
659 4941 751 4990 parvus
762 4941 786 4974 v.
798 4926 1064 4978 minutus.-'-Arborea
1074 4928 1208 4980 fruticasve
1219 4929 1381 4980 altamifolia.
1415 4928 1519 4993 Stipula
1530 4932 1554 4978 0.

306 5008 353 5058 VI.
371 5007 619 5055 Mamrnamonm.
653 5004 739 5055 Floras
752 5004 834 5066 dioici,
846 5006 926 5070 parvi,
938 5006 1026 5056 3·mari
1037 5022 1060 5056 v.
1072 5007 1152 5056 rarius
1164 5009 1261 5058 2-meri.
1295 5007 1383 5057 Patala
1393 5008 1480 5072 sepelis
1492 5008 1606 5058 breviora

271 5088 362 5153 sapius
382 5087 406 5144 6,
418 5084 498 5135 rarius
512 5086 536 5133 0.
571 5081 685 5133 Stamina
703 5082 793 5147 sapius
804 5084 829 5145 6,
845 5083 932 5150 petalis
949 5084 1084 5150 sepulisqua
1102 5086 1223 5152 opposita.
1257 5086 1338 5137 Toms
1355 5102 1455 5152 parvus.
1490 5087 1605 5152 Carpella
