3556 5580
719 343 803 399 XIV.
823 344 1032 400 GISTINEAE.
1069 406 1071 410 ,
1526 348 1577 400 113

173 501 247 557 aqua
268 492 393 552 scatens3
412 488 543 544 albumen
562 488 732 545 farinaceum
749 508 776 544 v.
795 490 1066 562 subcartilagineum.
1103 495 1228 565 Emergo
1247 493 1419 548 excentricus
1439 511 1466 546 v.
1486 493 1577 549 rarius

172 570 364 634 subcentralis,
383 577 521 635 curvatus,
540 573 712 636 convolutus,
732 573 879 645 biplicatus
897 594 923 629 v.
942 575 1159 647 conduplicatas,
1171 577 1261 630 rarius
1278 576 1479 641 rectinsculus3
1499 583 1576 648 coty-

171 653 285 708 ledones
297 653 475 724 planiusculae
486 674 512 710 v.
524 657 712 722 semiteretes;
733 657 858 713 radicula
868 657 903 711 ab
913 658 970 712 hilo
979 665 1086 713 remota
1098 659 1151 713 nisi
1164 659 1193 712 in
1206 659 1300 730 paucis
1317 659 1460 730 speciebus
1474 660 1575 731 quibus

172 736 278 790 semina
289 737 413 792 funiculo
425 737 535 793 adnata.

208 818 313 874 Herba
325 819 483 875 suffratices
495 840 520 876 v.
534 822 656 878 frutices.
693 823 774 879 Folia
785 824 920 896 opposita,
928 843 955 878 v.
969 824 1118 896 superiora,
1131 843 1194 879 raro
1213 825 1271 880 fere
1283 824 1376 880 omnia
1388 825 1503 888 alterna,
1512 826 1575 880 sim-

171 901 262 973 plicia,
275 900 384 972 integra
402 908 431 958 et
449 904 547 975 saepius
565 905 752 975 integerrima.
791 906 905 979 Stipulae
923 906 1053 971 foliaceae,
1072 926 1171 978 parva,
1190 927 1216 962 v.
1235 910 1261 962 0.
1299 907 1395 963 Floras
1413 908 1530 963 solitarii
1547 913 1576 964 et

172 985 340 1049 terminales,
355 1005 380 1040 r.
393 985 423 1040 in
434 1004 557 1042 racemos
571 987 704 1044 secundos
717 989 851 1061 dispositi,
865 1009 1008 1061 nunquam
1020 990 1137 1046 caerulei.

206 1081 305 1146 Species
316 1082 358 1131 vix
369 1083 403 1132 60
415 1082 586 1144 admittenda,
595 1085 643 1133 etsi
653 1085 705 1134 sere
717 1088 766 1134 200
777 1087 803 1134 in
820 1086 891 1136 libris
909 1088 1039 1152 descripta
1055 1093 1131 1148 sunt;
1148 1088 1272 1152 pleraque
1292 1089 1414 1138 siccorum
1432 1089 1574 1152 apricorum

172 1161 315 1224 regionibus
333 1162 478 1226 temperatis
498 1162 668 1228 hemispherii
687 1165 794 1214 borealis
812 1165 949 1229 indigena3
968 1166 996 1214 in
1008 1166 1110 1230 regione
1130 1153 1316 1215 Mediterranea
1334 1167 1446 1230 copiose,
1461 1167 1487 1214 in
1499 1165 1575 1216 Ame-

172 1239 225 1288 rica
239 1239 333 1289 boreali
350 1241 467 1289 nonnihil
484 1241 598 1302 rariores,
617 1242 644 1290 in
661 1242 723 1291 Asia
740 1243 824 1292 media
841 1247 866 1292 et
881 1244 996 1292 orientali
1016 1245 1156 1293 rarissima.
1190 1245 1288 1309 Species
1306 1260 1438 1309 perpaucae
1455 1245 1531 1293 etiam
1548 1245 1575 1293 in

172 1317 290 1367 Ameriea
300 1319 404 1367 australi
415 1319 502 1369 obviae.

205 1397 321 1446 ciscineae
333 1414 348 1446 a
360 1399 476 1446 Bicineis
486 1399 621 1462 embryone
631 1400 711 1463 magis
724 1403 827 1448 curvato
839 1405 865 1449 et
878 1400 991 1449 radicula
1007 1400 1039 1449 ab
1049 1402 1102 1450 hilo
1114 1405 1217 1460 remota,
1230 1418 1245 1450 a
1266 1401 1430 1464 Capparideia
1446 1401 1575 1451 albumine

172 1473 299 1534 differunt,
310 1476 342 1524 ab
351 1476 464 1540 utrisque
475 1477 551 1525 etiam
562 1477 634 1526 facile
646 1478 837 1542 distinguuntur
849 1478 950 1538 habitu,
961 1478 1050 1542 petalis
1061 1479 1200 1542 fugacibus,
1211 1484 1258 1528 etc.
1293 1480 1440 1544 Sepulcrum
1454 1481 1574 1529 astivatio

175 1552 201 1615 (2
209 1554 312 1603 omnino
321 1555 482 1613 exteriorum,
492 1556 508 1602 3
517 1554 844 1618 contorto-imbricatorum)
854 1557 964 1605 occurrit
971 1557 1048 1606 etiam
1057 1558 1083 1605 in
1093 1559 1195 1621 Eparia
1203 1558 1307 1622 aliisque
1318 1558 1444 1606 nonnullis
1452 1559 1573 1607 Biciner's.

737 1707 836 1748 FORMAE
853 1710 1005 1747 ABNOBMES.

205 1798 292 1848 Floras
308 1799 444 1864 dimorplii,
465 1799 508 1848 alii
524 1799 635 1864 perfecti,
657 1799 701 1849 alii
717 1799 809 1865 apetali
825 1800 950 1864 eligandri
967 1800 994 1847 in
1011 1800 1193 1849 Heliantlremis
1216 1801 1343 1850 nonnullis
1360 1804 1385 1850 et
1402 1801 1530 1851 interdum
1547 1803 1574 1851 in

210 1893 223 1924 c
252 1894 277 1925 a.

171 1875 320 2004 LeShtaimina
331 1956 459 2005 interdum
470 1971 558 2020 pauca,
570 1957 621 2006 imo
632 1957 722 2021 petalis
734 1957 853 2022 pauciora
864 1957 891 2004 in
902 1957 999 2004 Leelsea
1010 1961 1036 2005 et
1047 1956 1074 2004 in
1086 1957 1270 2005 Helicntlsemis
1278 1958 1436 2021 quibusdam.

206 2033 289 2082 Ovula
303 2034 415 2083 funiculo
426 2035 526 2094 adnata,
542 2036 733 2100 semianatropa,
744 2041 770 2084 et
781 2036 894 2084 radicula
904 2036 1047 2100 embryouis
1058 2037 1091 2088 ab
1102 2036 1154 2084 hilo
1165 2037 1248 2085 minus
1260 2036 1354 2085 dismas
1364 2038 1391 2085 in
1405 2038 1575 2086 Heliaatlrems'

171 2113 279 2162 sectione
292 2115 414 2172 Inmane,
431 2119 457 2162 et
473 2128 503 2161 ex
518 2112 550 2161 A.
563 2113 632 2178 Gray
648 2114 724 2163 etiam
741 2114 768 2162 in
785 2114 822 2163 Η.
835 2115 957 2177 asperim
976 2130 1021 2162 nos
1035 2119 1119 2163 tamen
1134 2115 1161 2162 in
1177 2113 1224 2163 hac
1238 2115 1319 2181 specie
1336 2116 1411 2164 ovuln
1427 2117 1575 2185 orthotropa

170 2190 312 2240 invenimus
322 2196 348 2240 et
359 2193 453 2241 semina
463 2191 494 2239 iis
504 2192 735 2240 Halicctlcemoram
746 2191 914 2259 plurimorum
926 2191 1071 2242 conformia.

204 2269 317 2335 Embryo
325 2270 488 2319 rectiuscnlus
500 2271 525 2318 in
536 2271 640 2318 Lectec.

679 2455 876 2496 conspectus
898 2455 1064 2497 GENERUM.

710 2566 725 2598 ⁴*
743 2568 871 2616 Placentae
885 2570 1039 2616 oo-oculatoe.

271 2658 294 2705 1.
313 2655 418 2706 Graius.
453 2657 577 2706 Placentoe
594 2662 619 2706 et
637 2657 744 2722 capsula
755 2657 834 2706 valva
845 2659 868 2717 5,
880 2658 961 2706 rarius
973 2660 997 2706 3.
1025 2657 1139 2721 Embryo
1157 2657 1290 2707 circinatus
1307 2676 1330 2707 v.
1349 2658 1455 2723 spiralis.
1488 2659 1575 2709 Floras

237 2735 342 2783 solitarii
353 2753 376 2783 v.
389 2737 490 2800 cymosi,
502 2737 583 2784 rarius
594 2737 820 2788 racemi—Eur.

271 2817 294 2862 2.
311 2814 552 2862 Humanrnumun.
587 2815 713 2864 Placentae
730 2820 756 2864 et
770 2815 849 2864 valvae
864 2817 887 2862 3.
922 2812 1036 2879 Embryo
1053 2813 1187 2878 biplicatus
1204 2814 1338 2864 uncinatus
1354 2833 1378 2864 v.
1391 2816 1578 2868 circumflexus.

237 2891 324 2942 Floras
333 2893 422 2958 saepius
434 2893 593 2942 raccmosi-
599 2893 671 2941 Orbis
682 2896 789 2958 aterque.

596 2996 629 3028 ¹³*
647 2997 776 3044 Placeniae
787 2997 928 3044 amuleta.
962 2996 1055 3042 Petale
1062 3011 1154 3058 parra.

269 3090 292 3136 3.
311 3087 465 3135 Hunsonm.
501 3087 589 3136 Petale
600 3089 623 3136 5.
658 3087 947 3152 Stigmasubintegrum.
983 3084 1331 3149 Embryospiralis.—Amer.
1344 3087 1395 3134 bor.

178 3176 186 3197 f
269 3168 292 3213 4.
311 3165 431 3214 Lacuna.
465 3165 614 3214 Petalassv.
626 3168 650 3214 0.
685 3165 807 3229 Stigmata
818 3167 842 3224 3,
853 3163 988 3212 fimbriata.
1023 3163 1498 3227 Embryorectiusculus.-Amer.bor.

520 3331 648 3372 GENERA
668 3328 804 3371 Armua
823 3329 886 3371 AUT
907 3327 1058 3382 EXCHISA,
1080 3328 1109 3368 V.
1125 3328 1234 3369 DUBIA.

203 3445 452 3505 Oocunosraaunn,
463 3444 499 3493 H.
511 3445 542 3492 B.
551 3448 576 3492 ct
588 3445 630 3503 K,
642 3433 667 3493 et
678 3442 856 3501 Auernum,
868 3442 936 3505 Moe.
949 3447 974 3490 et
983 3441 1053 3501 Sese,
1061 3458 1076 3490 a
1084 3441 1209 3505 Lindleyo
1220 3442 1335 3491 Cistineis
1343 3441 1444 3502 adscita,
1453 3442 1574 3493 differunt

170 3525 295 3574 seminum
304 3529 438 3584 structura,
450 3528 475 3572 et
486 3522 558 3572 nobis
570 3524 707 3572 Bixineis
719 3521 869 3571 adsocianda
880 3521 1005 3570 videntur.

207 3689 231 3740 l.
251 3687 367 3756 cintus,
381 3688 465 3742 Lina.
483 3689 551 3742 Gen.
564 3707 591 3741 n.
604 3684 802 3742 era-Petale
814 3688 839 3740 5.
879 3683 1005 3739 Stamina
1017 3701 1171 3738 numerosa.
1204 3683 1299 3738 Ovarii
1308 3684 1441 3755 placentae
1453 3703 1479 3738 v.
1493 3684 1572 3738 semi-

171 3775 250 3840 septa
268 3772 293 3832 5,
314 3770 403 3825 rarius
423 3773 457 3835 3;
477 3771 565 3824 ovulis
582 3770 611 3823 in
630 3787 740 3840 quaque
758 3768 887 3840 placenta
904 3783 955 3832 003
975 3766 1065 3838 stylus
1084 3765 1230 3828 filiformis‚
1247 3766 1379 3830 clavatus,
1392 3786 1419 3822 v.
1431 3766 1572 3822 interdum

169 3852 364 3918 brevissimus;
384 3853 486 3923 stigma
497 3855 650 3925 capitatum
663 3873 689 3907 v.
702 3851 881 3907 discoideum.
918 3849 1046 3920 Embryo
1059 3848 1351 3921 spiralis.-Frutices,
1364 3850 1453 3905 rarius
1472 3850 1572 3904 suffra·

168 3935 245 4000 tices,
263 3954 334 4006 saepe
356 3935 490 3990 visciduli.
527 3935 624 3990 Flores
647 3935 745 4007 saepius
767 3934 891 4006 speciosi,
904 3933 934 3987 in
956 3951 1049 4005 cymas
1068 3932 1245 4004 paniculasre
1261 3932 1420 3987 terminales
1437 3932 1573 4004 dispositi,

169 4019 258 4073 rarius
272 4019 457 4074 subraeemosi
469 4037 496 4073 v.
509 4017 633 4071 solitarii.

203 4115 301 4179 Species
313 4132 328 4164 a
338 4115 447 4163 Dunalio
458 4117 490 4163 41
503 4120 661 4173 enumerata,
673 4129 735 4177 quas
750 4116 835 4162 tamen
850 4113 972 4178 Spachius
989 4112 1021 4161 ad
1039 4113 1071 4162 19
1087 4112 1195 4169 reduxit,
1208 4116 1233 4159 et
1250 4111 1298 4159 hoc
1315 4127 1388 4160 sensu
1404 4111 1447 4160 vix
1460 4111 1527 4160 ultra
1540 4116 1573 4162 20

168 4193 445 4258 adlruecognitaesunt.
481 4193 575 4242 Omnes
595 4193 622 4241 in
638 4193 749 4256 Europa,
768 4191 854 4240 Africa
870 4191 972 4251 borcali,
988 4208 1012 4239 v.
1025 4191 1086 4238 Asia
1097 4190 1290 4248 Mediterranea,
1309 4194 1431 4239 crescunt.
1466 4192 1573 4239 Duas'n
1624 4199 1626 4205 '

169 4274 227 4321 Dc.
244 4274 323 4321 Prod.
336 4274 352 4321 i.
365 4275 413 4321 263
430 4277 455 4320 ei
472 4271 520 4323 267
541 4271 609 4333 (sect.
622 4273 646 4319 1.
659 4268 850 4332 Hermathena.
889 4269 973 4332 Walp.
988 4269 1050 4332 nep.
1064 4270 1079 4317 i.
1093 4271 1158 4326 2063
1177 4269 1202 4316 ii.
1215 4267 1278 4318 765:
1297 4269 1364 4316 Ana.
1376 4269 1392 4316 i.
1405 4269 1445 4317 64.
1481 4270 1572 4332 Spart,

167 4352 195 4399 ia
205 4351 271 4399 Ana.
286 4352 324 4399 Sc.
339 4352 458 4399 Natrer.
472 4354 494 4399 2.
512 4351 545 4399 vi.
563 4349 620 4400 367.
659 4349 872 4412 meaptptoqr.
888 4347 981 4396 Oanor.
1000 4351 1017 4395 t.
1031 4350 1071 4396 12.
1105 4347 1204 4395 aenae.
1217 4347 1253 4394 Ic.
1266 4348 1309 4394 Εἰ.
1321 4348 1402 4395 Germ.
1415 4347 1450 4395 iii.
1464 4352 1482 4395 t.
1494 4349 1527 4396 36
1539 4349 1573 4396 ad

119 4471 120 4475 ,
168 4433 209 4479 46.
248 4431 335 4479 Willis.
348 4431 385 4478 Ic.
398 4431 440 4478 Pl.
453 4431 515 4479 Eur.
528 4430 614 4479 Aaclr.
631 4428 686 4476 Oce.
699 4427 724 4475 ii.
738 4431 755 4475 t.
768 4425 808 4477 75.
821 4427 856 4473 cd
868 4428 916 4475 109
931 4425 1025 4489 (Cirtas
1037 4430 1062 4476 et
1073 4425 1235 4488 Helinium).

201 4509 283 4558 Sectis
294 4509 446 4557 Hnrnmu
464 4507 551 4572 (genus
570 4506 710 4571 proprium,
724 4506 814 4568 Spart,
829 4505 846 4552 l.
859 4503 901 4567 a),
916 4503 999 4568 quoad
1017 4504 1131 4553 orarium
1149 4504 1238 4567 sapius
1257 4507 1382 4553 3·mernm
1398 4506 1572 4553 Heliantliemo

168 4587 272 4646 accedit,
285 4593 310 4636 et
326 4587 386 4636 huic
399 4587 484 4652 generi
500 4603 515 4634 a
531 4585 640 4634 Dunalio
654 4584 781 4648 adscripta
797 4582 854 4650 fuit.
889 4579 983 4631 Ceterae
998 4582 1090 4646 species
1101 4597 1116 4629 a
1129 4582 1240 4630 Dunalio
1251 4583 1278 4630 in
1290 4584 1410 4632 sectiones
1422 4587 1437 4630 2
1448 4585 1574 4632 naturales

168 4667 316 4723 distributae,
339 4665 407 4714 scil:
426 4665 622 4729 Erythraeisius,
645 4662 710 4726 stylo
732 4661 856 4724 elongate,
875 4659 978 4708 floribus
995 4660 1144 4708 rubentibus
1154 4681 1160 4718 ;
1179 4664 1205 4708 et
1226 4661 1345 4720 Ladonis,
1366 4662 1431 4724 stylo
1448 4662 1573 4719 subnullo‚

105 4774 112 4783 κ
166 4745 269 4794 floribus
286 4744 356 4803 albis,
373 4761 389 4792 a
406 4743 512 4807 Spachio
525 4741 552 4804 (l.
563 4758 583 4791 c.
596 4742 646 4790 366
658 4745 683 4789 et
695 4738 756 4804 seq.)
771 4738 797 4786 in
815 4739 933 4803 genera5
951 4737 1108 4798 divellentur,
1129 4737 1181 4786 scil.
1199 4738 1356 4797 uramus,
1373 4739 1572 4797 Rnonocrsrus,

169 4823 273 4881 Cissus,
286 4822 539 4879 Scarnsnocanrns,
552 4824 577 4868 et
594 4819 725 4867 Lanonm.

204 4939 229 4990 2.
250 4939 505 5002 Heliauthemum,
515 4939 596 4991 Pers.
608 4936 679 5006 Scri.
690 4933 719 4987 ii.
728 4931 909 4990 75.-Petala
917 4931 957 4999 (in
964 4930 1078 4985 floribus
1089 4930 1229 5002 perfectis)
1240 4933 1264 4985 5.
1287 4930 1574 4991 Staminanumerosa‚

207 5035 273 5075 voa.
288 5037 308 5073 1.
1456 5029 1468 5069 1

1609 4820 1696 5192 l
