3556 5580
675 357 768 415 XLV.
787 357 1011 417 onomast.
1519 357 1571 414 846

281 505 321 554 33.
340 504 516 553 Onssmorsrs.
549 503 637 555 Patala
651 505 984 568 liberaleviterimbricute.
1017 507 1090 558 Folia
1106 508 1230 574 opposita.
1263 507 1571 574 Gymaaxillarese-Aft.

247 587 335 644 auctr,
348 584 552 646 Madapaacaria.

214 715 325 766 'l'ribua
343 716 400 765 IV.
424 717 641 776 ramesense.
675 717 800 769 lloreset
810 717 906 769 fructus
918 720 1095 768 Icaciaecrum.
1128 718 1241 785 Embryo
1252 717 1331 784 magis
1347 718 1470 779 evolutus,
1482 718 1573 784 cotyle-

182 793 290 843 donibus
301 794 358 843 latis
368 793 476 844 foliaceis
487 812 511 844 v.
523 797 850 846 crasso-camosis.—Oaulis
862 797 990 847 scandens.
1024 797 1109 846 Floras
1118 797 1200 847 dioici.

280 876 321 922 31.
339 874 527 922 Purrocaunn.
562 874 765 940 Florescapitati.
799 876 938 925 Filamenta
949 874 1059 924 antheris
1072 875 1192 940 longiora.
1225 875 1320 942 Drupoe
1337 874 1524 940 villosoe,supra
1537 874 1573 924 lo·

247 951 332 1001 culum
344 951 478 1016 productae.
512 952 639 1002 Albumen
650 954 1006 1019 corrugatolobatum-Asr.
1018 957 1043 1001 et
1053 954 1119 1001 Aria
1131 958 1195 1017 trop.

281 1033 321 1080 32.
338 1031 487 1088 Mrouam.
519 1031 606 1080 Floras
622 1033 724 1097 capitati
743 1031 780 1096 (ὅ
793 1033 826 1081 ob
845 1032 963 1081 corollam
980 1031 1117 1096 stipitatam
1133 1032 1390 1097 pseudo-umbellati).
1432 1033 1575 1082 Filamenta

246 1109 397 1158 brevissima.
431 1109 526 1174 Drupa
536 1109 634 1174 glabrae,
644 1125 721 1175 usque
732 1110 765 1159 ad
775 1111 871 1176 apicem
879 1126 952 1161 casm.
986 1110 1113 1159 Albnmen
1123 1111 1211 1160 leviter
1221 1112 1446 1174 rugosum-Asia
1458 1115 1522 1175 trop.

279 1191 319 1237 33,
337 1188 533 1237 Snncosrmna.
567 1188 653 1238 Floras
664 1190 803 1253 interrupte
814 1189 910 1254 spicati.
942 1188 1204 1238 Filumentaantheris
1219 1189 1338 1255 longiora.
1371 1189 1467 1254 Stigma
1481 1189 1572 1239 sessile.

246 1268 374 1317 Albumen
385 1269 408 1317 0.
443 1268 609 1333 Cotyledones
620 1269 923 1332 crasso-carnosae.-Asr.
936 1271 960 1316 et
970 1268 1036 1316 Asia
1048 1271 1113 1330 trop.

279 1349 320 1395 34.
338 1347 508 1395 Nararsrun.
542 1346 627 1396 Floras
638 1347 765 1396 racemosi.
799 1345 1101 1396 Filamentsbrevissima.
1135 1345 1199 1412 styli
1212 1346 1299 1408 lobia,
1310 1346 1420 1397 lineares
1446 1346 1574 1398 Albumen

247 1441 387 1475 carnosum.
421 1425 587 1490 Gotyledones
600 1425 811 1475 salissam-Asia
823 1429 888 1488 trop.

280 1505 319 1553 35.
337 1504 425 1553 Ionas.
459 1504 545 1552 Flores
565 1503 820 1568 cymosopaniculati.
859 1503 999 1553 Filumenta
1016 1503 1168 1554 brevissima.
1201 1504 1298 1569 stigma
1315 1504 1406 1554 sessile.
1445 1504 1574 1555 Albumen

248 1599 387 1633 carnosum.
422 1582 586 1648 cotyledones
597 1580 713 1631 foliaceae.
746 1582 819 1631 Folia
829 1583 1047 1647 opposita—Asia
1060 1587 1123 1646 trop.

280 1739 545 1789 86.Cnan10rr1rars.
580 1739 668 1804 Sepala
684 1740 822 1788 imbricata.
857 1739 955 1789 corolla
973 1740 1137 1805 gsmcpetala‚
1155 1739 1219 1790 lobis
1239 1739 1383 1789 imbricatis.
1418 1739 1532 1788 Stamina
1548 1745 1575 1790 et

246 1819 359 1867 orarium
370 1818 549 1867 Iccciaearam.
583 1818 705 1883 Stigmata
715 1821 739 1878 2,
756 1818 834 1867 altero
851 1818 957 1868 deformi
973 1825 1032 1883 post
1047 1820 1163 1868 anthesin
1178 1819 1300 1885 elongato.
1333 1818 1442 1867 Fructus
1459 1819 1573 1869 aulana.

247 1898 334 1947 Herba
344 1897 467 1957 volubilis,
477 1886 620 1957 lactescens,
632 1897 709 1963 cymie
721 1896 865 1946 axillaribus
876 1895 1083 1947 turcatis-Aria
1095 1902 1159 1961 trop.

528 2113 655 2157 GENERA
674 2113 808 2156 Arnim
827 2113 891 2155 Anu
911 2112 1062 2167 EXGLUBA,
1083 2110 1113 2154 Υ.
1127 2111 1239 2157 DUBIA.

215 2241 402 2303 (lamnam,
415 2243 496 2304 Griffi,
508 2245 633 2308 Leptam
650 2243 736 2303 affinis,
749 2248 774 2292 et
785 2242 978 2305 hammus,
989 2243 1065 2292 Endl.
1078 2241 1314 2307 (Pinariorum,
1332 2239 1438 2304 Hosti),
1451 2241 1574 2291 thsiate

182 2321 306 2382 accedens,
319 2324 350 2372 ab
362 2322 485 2371 Olacineis
502 2323 621 2372 differunt
637 2323 719 2388 calyce
735 2338 892 2387 nequaquam
903 2338 918 2371 a
928 2321 1020 2370 corolla
1035 2321 1218 2385 distinguendo,
1230 2325 1255 2369 et
1266 2319 1296 2368 ad
1311 2319 1501 2371 statumen·
1513 2320 1574 2370 refe·

183 2405 278 2449 rentur.

217 2478 324 2538 Iouini,
336 2478 419 2527 Hoolr.
431 2482 456 2527 et
472 2478 543 2539 Ara,
555 2477 689 2539 Aaroorn,
707 2477 775 2538 (lav,
793 2477 978 2533 Mroscnraos
995 2475 1060 2525 Ruiz
1078 2479 1104 2524 et
1120 2475 1189 2536 Pas,
1207 2474 1454 2536 Qmacnananrurr,
1466 2477 1542 2537 lusa,
1559 2493 1575 2526 a

182 2555 285 2606 Miersio
296 2558 343 2605 sub
355 2556 478 2606 Olacineis
490 2562 640 2616 enumerata,
653 2556 685 2606 ob
702 2556 870 2621 perianthium
881 2559 948 2605 certe
964 2554 1068 2618 simplex
1079 2554 1133 2603 basi
1149 2553 1233 2602 ovario
1250 2553 1371 2602 adnatum
1388 2554 1421 2603 ad
1438 2556 1574 2606 δηιώ-

182 2651 251 2685 cea·
262 2636 394 2700 pertinent.
429 2634 508 2700 Galyx
520 2635 645 2699 3-sepalus
656 2652 672 2684 a
682 2634 785 2684 Miersio
797 2634 937 2698 descriptus
948 2633 1021 2681 nobis
1032 2648 1078 2696 pro
1088 2632 1193 2680 bracteis
1205 2629 1348 2681 censendus.

215 2713 334 2774 Eauuss,
347 2714 430 2774 Miers,
442 2714 468 2761 in
479 2714 546 2762 Anu.
558 2714 617 2763 Nat.
630 2715 697 2764 Hist.
710 2731 755 2763 ser.
768 2717 790 2763 2.
803 2713 853 2763 viii.
866 2711 897 2762 17
899 2717 914 2763 2
929 2710 1031 2776 (nomen
1045 2708 1165 2773 tantum),
1177 2710 1264 2774 planta
1275 2711 1417 2760 Pavoniana
1428 2712 1460 2761 ab
1473 2715 1575 2761 auctore

182 2791 306 2841 Olacineis
323 2792 426 2848 adscita,
439 2792 536 2842 differre
550 2791 650 2841 videtur
666 2792 758 2842 corolla
774 2791 936 2881 gamopetala,
949 2789 1096 2838 staminibus
1113 2788 1242 2853 epipetalis
1258 2789 1407 2854 diplomeris,
1419 2792 1502 2840 ovano
1519 2807 1575 2855 per·

181 2871 247 2921 fecte
258 2871 394 2932 l-loanari,
407 2870 486 2920 ovulis
497 2871 524 2919 in
540 2871 628 2920 loculis
641 2870 765 2935 pendulis.
799 2871 886 2919 Floras
897 2874 981 2918 tamen
992 2868 1102 2933 plerique
1112 2868 1138 2916 in
1150 2867 1282 2932 specimine
1297 2868 1480 2933 quodammodo
1494 2869 1574 2921 defor-

181 2951 243 3000 mati
255 2955 321 3011 sunt,
333 2954 358 2999 et
369 2967 446 3015 genus
458 2950 484 2998 in
495 2950 672 3014 speciminibus
683 2949 826 2998 melioribus
837 2949 1070 3013 recognoscendum.

214 3029 472 3088 Buasmorrrsnun,
484 3028 582 3094 Wight,
595 3030 627 3079 ob
639 3028 752 3077 orarium
762 3028 863 3076 omnino
875 3027 982 3075 inferum
992 3027 1026 3075 ad
1034 3027 1204 3076 eumaem
1216 3024 1402 3074 amandandum
1413 3030 1458 3076 est.

214 3108 426 3169 Itmmanrna,
438 3108 469 3156 A.
483 3107 560 3172 Gray,
571 3112 609 3155 est
620 3107 726 3155 Marlcae
738 3107 830 3170 species
841 3106 907 3154 inter
919 3106 1094 3155 σοι-πωροι.

214 3187 389 3237 Psnunnnnm
406 3192 431 3235 et
447 3185 819 3244 Pssunann101aus,Thouars,
832 3183 1086 3248 Gen.Nov.Madag.
1104 3182 1143 3242 15,
1155 3198 1186 3231 ex
1205 3180 1313 3231 auctoris
1330 3180 1469 3231 charactere
1485 3199 1575 3232 maneo

182 3266 264 3332 quoad
275 3266 394 3315 corollam
404 3269 429 3313 et
440 3265 548 3313 stamina
559 3281 617 3313 cum
632 3264 708 3312 Olace
719 3263 850 3312 convenire
861 3262 985 3322 videntur,
997 3261 1041 3310 sed
1056 3262 1082 3309 in
1093 3261 1137 3310 illa
1151 3262 1253 3325 embryo
1269 3260 1470 3310 exalbuminosns
1483 3262 1576 3310 dicitur

182 3345 370 3409 cotyledonibus
382 3344 491 3393 carnosis
502 3347 528 3392 et
539 3343 570 3392 de
585 3343 667 3406 calyce
683 3341 811 3390 fructifero
828 3341 885 3390 silet
901 3345 994 3402 auctor,
1006 3340 1033 3388 in
1048 3340 1096 3389 hac
1114 3339 1211 3388 fructus
1228 3340 1335 3404 ignotus,
1353 3344 1379 3389 et
1397 3355 1486 3404 genera
1502 3341 1575 3390 valde

182 3423 259 3473 dubia
269 3428 405 3474 remanent.

214 3503 385 3562 Bnnnnrrmr,
397 3502 462 3563 Del,
474 3501 507 3551 ad
519 3502 707 3551 Simarubeaa
718 3497 855 3548 referimus.

214 3583 401 3641 Parammon,
412 3581 444 3630 A.
456 3580 519 3641 Du,
531 3584 569 3630 est
580 3582 717 3629 Rosaeea
730 3575 964 3642 (obtrectatum).

215 3659 353 3720 Qmassu,
365 3661 468 3718 Blanco,
479 3664 518 3709 est
528 3659 694 3708 verisimiliter
708 3657 842 3706 chartaria
856 3656 1010 3721 (Moacssrra)
1021 3655 1087 3706 inter
1099 3657 1332 3707 chimericum.

215 3737 403 3799 Turranium,
415 3738 480 3787 Sieb.
493 3742 518 3787 et
528 3739 610 3797 Zure,
622 3737 654 3784 ad
665 3737 824 3786 Ericaceas
835 3733 962 3784 referenda
973 3734 1080 3784 videtur.

216 3815 414 3875 Goaocnaruss,
426 3816 490 3878 Mtq.
503 3817 542 3864 Fl.
554 3816 612 3864 Iud.
624 3814 683 3862 Bar.
698 3815 785 3877 Suppl.
797 3815 814 3862 i.
826 3816 883 3863 343.
918 3813 997 3877 Calyx
1009 3812 1219 3877 5·partitus,lobis
1230 3813 1309 3862 ovatis
1320 3813 1512 3863 membranaceis
1523 3813 1573 3864 cili·

182 3893 262 3944 oletis.
296 3894 395 3943 Corolia
411 3891 809 3958 caenoso-hypocratenmorpha,
820 3891 892 3941 limbi
903 3890 966 3940 lobis
979 3890 993 3939 5
1005 3890 1122 3940 brevibus
1133 3890 1238 3938 volvatis
1249 3892 1319 3963 apice
1329 3892 1428 3941 inflexo.
1456 3891 1575 3943 Anthera

182 3975 206 4035 5,
218 3988 316 4022 summo
327 3972 389 4021 tubo
401 3972 507 4031 insertae,
519 3973 676 4029 subexsertae,
685 3969 804 4033 oblonga.
832 3968 953 4018 Ovarium
963 3968 1099 4027 hirsutum,
1111 3967 1253 4028 2·loculare,
1264 3968 1351 4018 loculis
1363 3971 1477 4019 avertice
1488 3973 1573 4021 lovu-

182 4052 259 4102 latis?
294 4051 358 4116 Styli
376 4054 399 4110 2,
411 4049 555 4098 brevissime
566 4048 734 4113 persistentes,
746 4047 823 4095 altero
840 4062 913 4095 nano.
947 4046 1037 4110 Drupa
1052 4046 1124 4105 sicca,
1142 4050 1233 4110 3-gona
1244 4051 1269 4096 et
1280 4048 1405 4112 angulata,
1417 4049 1482 4113 stylo
1498 4048 1575 4100 fertili

183 4133 286 4181 incurvo
297 4146 392 4178 nanum
403 4129 534 4192 obtegente
545 4125 818 4185 coronata‚1·locularis
830 4141 887 4174 cum
898 4124 973 4173 loculi
985 4124 1060 4174 effoeti
1069 4125 1220 4174 rudimento.
1254 4125 1343 4175 Samen
1354 4125 1573 4191 ignotum-Fru-

181 4211 239 4260 texl’
252 4209 344 4276 glaber.
372 4208 444 4258 Folia
452 4206 554 4265 alterna,
566 4204 675 4253 breviter
683 4203 807 4268 petiolum,
819 4203 984 4268 integerrima,
993 4204 1087 4268 majora
1095 4203 1288 4268 6-8·pollicaria.
1317 4204 1396 4270 Spicea
1407 4206 1573 4273 axillaresge·

182 4288 374 4352 minaegraciles,
385 4285 488 4336 floribus
499 4283 644 4349 patentibus
656 4281 854 4331 subdistantibus
866 4281 991 4331 sessilibus
1008 4285 1024 4330 2
1040 4281 1083 4330 lin.
1100 4297 1190 4346 parum
1201 4283 1386 4334 excedentibus.
1420 4284 1506 4335 Floras
1517 4303 1573 4351 pas·

183 4370 231 4417 ,im
242 4365 471 4430 &meri—Species
483 4363 632 4412 Sumatrana
643 4360 737 4411 anobis
748 4376 800 4409 non
807 4361 867 4421 risa,
879 4376 910 4409 ex
921 4366 1020 4409 auctore
1031 4361 1063 4410 ed
1076 4360 1258 4425 Phytocreneas
1265 4362 1340 4412 dubie
1350 4364 1435 4422 relata,
1446 4365 1488 4415 vix
1497 4365 1573 4430 hujus

182 4447 285 4498 Ordinis
296 4446 395 4496 videtur
405 4448 430 4493 et
441 4443 577 4493 seminibus
590 4440 718 4505 ovulisque
728 4439 820 4504 ignotis
831 4439 957 4488 affinitatis
968 4438 1040 4489 valde
1051 4440 1151 4489 incertas
1161 4446 1281 4490 remanet.

706 4652 827 4711 Tarsus
849 4650 875 4710 Ι.
905 4649 1050 4710 Orsene.

219 4785 243 4837 l.
262 4786 424 4848 Antandro,
439 4784 536 4849 litas,
550 4784 580 4838 ia
589 4784 663 4838 Aac.
674 4782 743 4838 Nat.
758 4783 835 4836 Hirr.
849 4800 901 4835 aer.
911 4781 936 4834 2.
944 4778 992 4832 vii.
1002 4777 1188 4848 20l.—Calyx
1200 4776 1304 4834 florifer
1314 4777 1437 4834 minutus
1449 4775 1573 4832 edenta-

183 4869 237 4927 tus,
250 4865 375 4923 fructifer
387 4869 523 4923 maximus
536 4866 683 4938 capulatus
697 4865 777 4920 liber.
813 4863 912 4919 Petale
923 4865 949 4926 4,
962 4862 1120 4934 hypogyna‚
1132 4863 1250 4924 salvata,
1264 4861 1368 4933 glabra.
1404 4859 1485 4915 Disci
1497 4860 1573 4931 glan·

184 4947 255 5003 dulae
268 4951 304 5018 (v.
319 4969 438 5022 squama
451 4951 581 5017 annosas)
595 4952 620 5013 4,
634 4965 697 5003 cum
715 4947 813 5018 petalis
832 4947 1010 5001 alternantes.
1049 4945 1174 5000 Stamina
1191 4945 1265 4999 intra
1285 4944 1392 4999 discum
1414 4943 1525 5007 inserta,
1544 4945 1573 4999 in
