3556 5580
229 361 280 415 196
739 368 855 424 XXXI.
875 368 1114 424 MALVACEAE.

226 504 320 560 bastro
341 507 503 564 1·loculares
523 511 630 579 (localis
649 513 722 569 forte
741 515 830 586 prima
846 515 994 587 juventute
1015 513 1206 570 subdistinctio
1227 505 1524 581 divaricatoappositis
1542 509 1621 575 septo

224 593 383 644 transverso
401 593 518 648 evanido
538 613 602 650 mox
623 596 846 665 confluentibus),
867 597 1106 668 longitudinaliter
1126 596 1307 658 dehiscentes,
1326 601 1354 648 et
1372 611 1444 663 saepe
1462 595 1540 661 septo
1560 586 1622 660 plus

225 673 316 726 minus
329 675 465 746 completo
477 679 570 749 spuria
582 679 754 735 2·loenlares.
791 683 878 736 Torua
891 700 990 752 parvus
1003 700 1029 734 v.
1040 681 1068 734 in
1081 686 1177 735 centro
1188 678 1307 750 gynoeeii
1319 677 1429 732 conicus
1441 693 1467 726 v.
1480 671 1622 726 interdum

225 753 300 809 ultra
320 759 476 827 gynoecium
495 761 647 832 productus
666 771 695 818 et
714 764 790 836 apice
802 764 942 827 dilatatus,
963 783 1013 818 neo
1033 764 1085 817 sub
1105 763 1229 834 gynoecio
1250 761 1394 831 elongatus
1413 777 1464 812 nec
1481 755 1620 810 dilatatus.

229 839 362 893 Ouariem
378 843 459 896 2—00·
472 845 610 901 rarissime
628 847 784 911 l-loculare‚
800 848 940 919 integrum
951 866 978 900 r.
991 846 1124 908 lobatum,
1144 844 1269 917 carpellis
1286 845 1359 899 circa
1373 842 1437 897 axin
1449 838 1621 895 verticillatis

225 940 251 973 v.
271 922 360 976 rarius
380 942 463 996 supra
481 933 573 982 torum
592 930 748 985 inordinate
764 932 871 986 coalitis
888 950 915 985 r.
932 931 1070 984 rarissime
1089 928 1208 1000 carpello
1230 931 1254 983 1.
1303 928 1397 999 Stylus
1417 925 1476 980 basi
1496 920 1620 994 simplex,

224 1022 343 1075 superne
355 1006 384 1060 in
395 1027 486 1063 ramos
498 1011 576 1082 apice
587 1031 613 1065 r.
626 1013 864 1084 longitndinaliter
880 1013 1056 1084 stigmatosos
1070 1011 1182 1070 divisus,
1195 1011 1284 1065 rarius
1301 1029 1390 1081 usque
1407 1008 1442 1062 ad
1459 1007 1562 1078 apicem
1580 1005 1621 1058 in·

223 1094 342 1155 tegeret
354 1091 485 1146 clavatus.
526 1095 617 1150 Oculo
631 1097 659 1150 in
674 1097 771 1152 loculis
790 1100 868 1160 1-00‚
884 1095 986 1166 angulo
1001 1095 1126 1149 interiori
1144 1093 1231 1158 affixa,
1247 1113 1321 1148 nune
1336 1092 1511 1164 amphitropa
1522 1108 1548 1143 r.
1562 1088 1620 1142 fere

224 1179 357 1243 anatropa
377 1180 407 1228 et
427 1175 623 1232 adscendentia
639 1197 665 1232 r.
682 1179 864 1234 horizontalia
880 1180 968 1250 raphe
987 1179 1105 1233 ventrali
1123 1197 1223 1250 supera
1240 1196 1266 1231 v.
1282 1176 1399 1238 laterali,
1411 1194 1486 1229 nunc
1501 1171 1621 1245 pendula

223 1255 310 1325 rapha
323 1273 423 1327 supera
434 1276 459 1311 v.
473 1258 583 1314 dorsali.
619 1263 742 1316 Fructus
758 1263 846 1317 siccus
858 1281 885 1316 r.
897 1262 987 1316 rarius
1002 1262 1139 1323 buccatas,
1158 1260 1283 1332 carpellis
1299 1260 1417 1314 nuncin
1432 1275 1526 1312 coccos
1544 1254 1621 1309 inde·

223 1338 361 1394 hiseentes
373 1358 399 1394 v.
411 1341 533 1397 2·valves
546 1344 745 1409 secedentibus,
754 1365 829 1400 nunc
840 1346 870 1399 in
882 1345 1020 1417 capsulam
1034 1345 1228 1398 00-l0cularem
1239 1343 1382 1397 loculieide
1395 1341 1580 1396 dehiscentem
1593 1356 1620 1391 r.

224 1421 313 1475 rarius
332 1423 601 1482 subindchiscentem
614 1427 729 1492 coalitis,
746 1448 772 1482 v.
786 1429 875 1483 rarius
889 1429 997 1484 fruetus
1010 1429 1108 1483 aborta
1123 1432 1276 1500 1·spermns
1289 1426 1470 1481 indehiscens.
1510 1423 1621 1478 Semina

223 1504 383 1560 reniformia
394 1507 563 1578 subglobosa
573 1529 599 1563 v.
609 1510 771 1574 obovoidea,
784 1530 980 1582 nonnunquam
994 1513 1082 1584 pilosa
1093 1532 1119 1566 v.
1135 1512 1236 1574 lanata,
1249 1529 1323 1565 nunc
1335 1510 1398 1563 lana
1410 1527 1443 1562 ex
1455 1505 1621 1576 endoearpio

223 1593 286 1642 orta
296 1607 323 1642 v.
335 1589 425 1644 rarius
437 1591 516 1646 arillo
527 1593 644 1663 pulposo
655 1613 682 1648 r.
696 1613 811 1649 carnoso
823 1594 963 1659 involuta;
983 1601 1055 1649 testa
1068 1601 1209 1649 erustacea
1220 1613 1246 1648 v.
1260 1593 1348 1647 rarius
1361 1591 1469 1654 tenuis3
1489 1589 1620 1644 albumen

223 1689 336 1740 parcum
348 1691 375 1726 v.
387 1677 413 1735 0,
422 1675 511 1729 rarius
523 1675 664 1747 copiosum
677 1682 706 1730 ct
718 1695 870 1731 carnosum.
898 1677 1021 1749 Embryo
1030 1678 1060 1731 in
1072 1677 1224 1732 seminibus
1235 1675 1430 1732 reniformibus
1443 1679 1581 1735 curvatus,
1591 1672 1621 1725 in

222 1753 382 1810 obovoidcis
399 1756 456 1811 fere
467 1765 578 1821 rectus;
598 1759 775 1830 ‹rowledones
787 1760 816 1813 in
834 1760 980 1829 generibus
995 1759 1135 1831 plerisque
1147 1759 1294 1822 latissima,
1308 1757 1428 1813 foliaceae
1446 1777 1472 1811 v.
1491 1755 1619 1811 crassius-

223 1837 299 1902 culae,
318 1839 381 1909 plus
398 1840 490 1894 minus
505 1841 613 1912 plicata
632 1861 659 1896 v.
678 1842 914 1915 contortuplicatae
929 1843 1080 1898 radiculam
1099 1862 1170 1914 saepe
1186 1842 1366 1899 involventes.
1385 1840 1474 1894 rarius
1490 1839 1577 1911 planae
1593 1857 1620 1892 r.

223 1939 463 1988 crasso-earnesae3
485 1924 609 1980 radicula
628 1926 657 1980 in
675 1932 755 1997 parte
771 1926 900 1980 inferiore
921 1925 1033 1980 seminis
1053 1925 1089 1980 ad
1106 1925 1194 1980 hilum
1211 1924 1337 1988 tendens,
1356 1924 1386 1978 in
1404 1923 1555 1978 seminibus
1574 1921 1620 1976 ad·

222 2003 418 2060 scandentibus
430 2006 528 2070 infera,
541 2008 570 2061 in
582 2007 709 2083 pendulis
722 2027 832 2062 sursum
844 2009 966 2063 incurva.

196 2139 197 2142 ,
259 2086 364 2142 Herbae
376 2088 490 2144 frutices
502 2110 527 2143 v.
541 2091 653 2145 arbores
665 2090 741 2162 ligno
753 2090 830 2144 molli
843 2098 872 2145 et
884 2091 946 2156 leri,
960 2091 1033 2163 pube
1046 2110 1118 2163 saepc
1131 2091 1248 2145 stellata.
1285 2090 1365 2145 Folia
1376 2090 1491 2152 alterna,
1500 2089 1619 2161 plerum-

223 2188 277 2240 que
288 2171 506 2241 palmatinervia,
520 2173 699 2243 integerrima
708 2173 829 2228 ‘dentata
845 2174 939 2228 lobata
953 2174 1073 2229 dissecta
1083 2195 1110 2229 v.
1123 2175 1266 2246 palmatim
1283 2174 1415 2229 foliolata.
1453 2172 1568 2244 Stipulae
1585 2172 1619 2227 ad

221 2252 300 2307 basin
312 2255 476 2325 petiolorum
488 2257 589 2320 libera,
603 2263 726 2327 angustae
738 2276 764 2310 v.
777 2264 899 2322 setaecae,
913 2257 1043 2320 deeiduae,
1057 2279 1130 2313 nune
1143 2259 1256 2313 minuta
1267 2277 1293 2312 v.
1307 2258 1354 2311 vix
1367 2257 1528 2328 conspicuas.
1566 2255 1619 2310 Pe·

223 2336 336 2404 duneuli
355 2339 480 2395 axillares
493 2347 522 2395 et
534 2340 632 2404 l·flori‚
645 2359 671 2394 r.
686 2339 769 2408 (foliis
780 2339 920 2396 floralibus
937 2342 967 2396 in
978 2343 1103 2397 bracteas
1122 2342 1289 2397 abeuntibus
1300 2361 1327 2395 v.
1340 2341 1452 2395 omnino
1468 2339 1619 2394 deficienti-

222 2420 285 2489 bus)
299 2422 328 2476 in
339 2441 462 2478 racemos
475 2424 618 2479 fasciculos
631 2422 806 2495 paniculasve
818 2424 954 2496 dispositi,
967 2445 1041 2481 nunc
1058 2426 1220 2489 brevissimi,
1233 2445 1259 2479 v.
1273 2425 1354 2480 flores
1372 2424 1483 2478 omnino
1502 2423 1618 2478 sessiles.

223 2503 376 2561 Braeteolas
393 2525 468 2562 nune
485 2511 504 2562 0
523 2527 550 2561 v.
570 2508 683 2562 minutae
702 2506 738 2561 ad
755 2507 977 2562 articulationem
997 2508 1155 2580 pedunculi,
1177 2528 1251 2563 nunc
1273 2511 1343 2562 3-00
1363 2507 1451 2578 calyci
1474 2513 1549 2562 arcte
1573 2526 1620 2578 ap·

222 2589 382 2660 proximatur
394 2609 420 2644 v.
434 2591 550 2654 adnatae,
563 2589 839 2662 pseudoverticillatae
848 2609 874 2644 v.
887 2591 916 2644 in
930 2591 1059 2662 capulam
1068 2592 1201 2647 tubumvc
1214 2598 1345 2654 connata,
1359 2591 1553 2646 involucellum
1566 2590 1619 2644 for-

223 2679 331 2727 mantes
344 2673 466 2746 calyeem
478 2675 643 2729 exteriorem
662 2674 803 2729 simulans.
840 2674 937 2729 Flores
952 2675 1139 2739 versicolores,
1156 2675 1240 2746 vulgo
1258 2675 1372 2730 violacei
1390 2682 1620 2746 pmpurascentes

223 2755 296 2810 rosei
307 2775 333 2811 v.
346 2755 419 2821 flavi,
433 2776 504 2829 saepe
516 2757 642 2829 speciosi.

256 2878 355 2942 Species
366 2879 423 2942 plus
433 2880 516 2927 minus
530 2880 634 2944 cognita
650 2877 701 2927 fere
718 2877 775 2938 700,
786 2895 833 2943 per
847 2895 931 2927 omnes
948 2884 1071 2927 termnum
1088 2878 1205 2942 regiones,
1218 2878 1314 2927 aretinis
1331 2878 1446 2942 exceptis,
1459 2878 1581 2942 dispersa,
1594 2879 1620 2926 in

223 2957 380 3006 calidioribus
392 2959 521 3022 utriusque
533 2959 599 3006 orbis
610 2957 794 3020 frequentiores,
805 2958 931 3006 nonnullae
942 2958 975 3006 ad
986 2959 1038 3006 vias
1049 2959 1075 3005 in
1087 2958 1160 3006 cultis
1172 2958 1345 3020 ruderatisque
1356 2956 1474 3004 latissime
1485 2956 1607 3020 dispersae.

257 3029 392 3086 Malvaeeai
403 3037 486 3102 calyce
493 3037 591 3086 valvato
603 3042 628 3086 et
638 3037 787 3086 staminibus
798 3036 971 3101 monadelphis
980 3037 1149 3084 Sterculiaceia
1160 3040 1228 3085 arcte
1239 3035 1331 3093 affines,
1339 3035 1428 3098 saepius
1440 3034 1510 3083 facile
1521 3035 1619 3099 dignos·

223 3121 315 3164 cuntur
323 3116 432 3164 antheris
440 3116 623 3174 1·locularibus,
630 3117 677 3165 etsi
684 3117 710 3164 in
719 3117 849 3181 generibus
856 3115 942 3180 paucis
953 3114 1147 3162 Boeabacecmaem
1155 3113 1264 3161 antherae
1271 3129 1316 3176 per
1323 3113 1392 3176 paria
1398 3114 1496 3162 adnatae
1504 3114 1620 3163 antheras

223 3194 370 3244 2·loculares
381 3194 507 3256 simidant,
525 3199 550 3244 et
568 3195 595 3244 in
609 3193 780 3244 Sterculiaeeis
792 3194 917 3243 nonnullis
929 3193 1046 3252 antheras,
1058 3190 1146 3240 lucidis
1161 3190 1231 3255 apice
1242 3191 1432 3253 confluentibus,
1445 3193 1546 3241 demum
1558 3193 1619 3241 1·lo-

223 3274 318 3323 culares
329 3274 453 3323 videntur.

794 3451 891 3487 FORMAE
908 3451 1057 3486 ABNORMES.

256 3555 329 3608 Folia
340 3555 465 3620 digitatim
476 3557 612 3621 composita
622 3556 649 3604 in
660 3555 834 3604 Adamenicia.

256 3634 341 3684 Flores
352 3635 426 3684 dioici
437 3636 463 3683 in
475 3636 573 3699 Napeae,
585 3633 855 3700 polygamo-subdioici
863 3632 889 3680 in
901 3632 1063 3695 Pagasae
1073 3631 1196 3695 plurimis,
1207 3631 1235 3680 in
1246 3633 1370 3696 Harapea,
1382 3636 1407 3680 st
1419 3632 1513 3697 Kydia.

256 3714 346 3778 Sepala
356 3715 442 3763 leviter
452 3714 584 3762 imbricata
595 3714 622 3762 in
637 3714 788 3770 chromate,
804 3711 1006 3768 Oteirortemeroe‚
1017 3713 1042 3757 et
1053 3709 1206 3759 Fremante'a.

255 3793 343 3842 Petala
353 3794 444 3843 desunt
454 3793 481 3841 in
495 3793 696 3850 Oteiroatemone,
710 3790 857 3848 Fremontia,
869 3793 894 3837 et
907 3788 1020 3837 Collenia
1026 3810 1036 3844 ;
1054 3787 1122 3836 intus
1133 3788 1187 3836 basi
1198 3787 1363 3853 glandulifera
1374 3788 1399 3838 in
1416 3791 1592 3841 Canenilleaia.

256 3873 342 3922 Patala
353 3877 378 3922 et
389 3872 496 3921 stamina
505 3871 625 3935 perigyna
636 3870 662 3918 in
677 3868 828 3930 Ooeloateyie.

256 3952 368 4001 Stamina
378 3953 405 4000 in
417 3952 514 4010 Naeuia,
527 3949 643 4007 Boeotia,
656 3953 681 3996 et
691 3947 777 3995 Latia
788 3947 830 3994 vix
841 3946 895 3994 basi
906 3949 1019 4005 connata,
1030 3945 1152 3994 nonnulla
1162 3963 1186 3994 v.
1198 3946 1326 3995 interdum
1339 3949 1424 3996 omnia
1436 3948 1619 3998 lantherifera.

223 4032 336 4080 Stamina
346 4030 497 4080 snbdeiinita
507 4030 534 4076 in
545 4027 675 4090 Jaloatyla
687 4025 853 4085 Emodeadro,
869 4025 1021 4085 Ochromate,
1037 4026 1236 4085 Oleiroetemone,
1248 4031 1274 4074 et
1284 4027 1438 4075 Fremonrtia.

256 4111 377 4160 Antherae
388 4110 414 4157 in
425 4106 592 4164 Emodendro,
607 4105 729 4163 Oboriaia,
743 4105 941 4163 Oleiroatemoaa
953 4109 978 4152 et
989 4104 1140 4163 Frementin,
1154 4105 1258 4153 lineares
1266 4121 1312 4169 per
1322 4109 1371 4154 2-3
1380 4107 1495 4170 parallelo
1505 4107 1619 4165 adnatae3

222 4192 249 4240 in
260 4190 396 4239 Darioneia
407 4186 533 4236 nonnullis
544 4200 627 4248 parvae
638 4184 745 4248 globosa
756 4183 789 4233 ad
800 4185 881 4248 apices
892 4184 1078 4233 filamentorum
1094 4199 1139 4248 per
1151 4185 1200 4232 2-{3
1212 4189 1337 4242 connatae;
1357 4186 1384 4232 in
1398 4187 1483 4249 Kydia
1494 4186 1527 4233 ad
1537 4186 1620 4249 apices

223 4271 344 4320 columna
356 4281 483 4315 ramorum
495 4261 744 4327 capitato-confertoe3
763 4261 885 4311 fasciculis
896 4261 1013 4310 antheras
1024 4261 1221 4310 noo-locutam
1233 4262 1416 4312 simmantibus.

256 4347 342 4397 Ovarii
353 4343 489 4407 carpellum
500 4344 515 4389 1
528 4342 554 4389 in
566 4341 727 4404 Piapianthis
737 4341 831 4405 paucis.

255 4427 364 4474 Fructus
376 4424 514 4486 1·spermns
525 4420 681 4468 indehiscens
693 4420 719 4468 in
733 4419 900 4467 Cananilleaia
911 4423 936 4466 et
948 4419 1074 4467 interdum
1086 4419 1112 4467 in
1128 4418 1295 4480 Queraribea.

255 4503 354 4554 Semina
365 4501 436 4550 arillo
448 4515 551 4548 carnoso
562 4516 585 4548 v.
598 4498 704 4563 pulposo
715 4498 830 4546 involuta
840 4498 866 4545 in
879 4498 1024 4546 Bombeceia
1036 4496 1170 4546 nonnullis.

255 4581 420 4647 Ootyledones
431 4577 514 4628 a-fidae
524 4579 551 4627 in
560 4579 693 4639 Howittia
705 4577 785 4642 plania
796 4578 822 4626 in
835 4578 1030 4626 Cteirostemone
1038 4582 1063 4624 et
1074 4576 1225 4637 memorata,
1237 4591 1439 4625 crasso-carnosa
1450 4575 1477 4623 in
1485 4575 1620 4623 Der-tomis

221 4663 350 4730 plerisque.

709 4889 712 4893 ’
731 4867 928 4910 CONSPEO'PUS
951 4865 1116 4908 GENERUM.

254 4987 365 5036 'rr-ibas
377 4985 404 5034 1.
430 4983 565 5032 Malvesa.
599 4980 722 5030 Columna
732 4981 854 5030 staminea
864 4980 934 5043 apice
944 4997 968 5028 v.
981 4995 1059 5043 usqua
1071 4979 1105 5028 ad
1119 4978 1215 5042 apicem
1230 4976 1385 5028 antherifara.
1420 4977 1483 5044 Styli
1498 4977 1562 5027 rami
1576 4981 1616 5026 tot
