3556 5580
700 332 850 388 XXXIII.
872 333 1080 390 TILIACEAE.
1530 334 1582 389 229

182 477 292 534 interna
304 497 502 551 nonnunquam
518 480 555 535 ad
566 481 705 536 chalazam
717 482 863 546 indurata3
884 481 1015 537 albumen
1027 499 1180 544 carnosum,
1194 482 1335 552 copiosum
1348 501 1374 535 v.
1388 487 1481 544 tenue,
1501 481 1583 535 raris-

185 563 252 618 sime
263 568 289 618 0.
320 564 443 635 Embcpo
452 571 554 628 rectus,
567 565 656 618 rarius
669 566 799 620 incurvus
816 572 864 619 aut
876 565 1064 636 subplicatus3
1084 565 1262 634 cotyledones
1275 571 1362 619 ovata
1374 584 1401 618 v.
1416 565 1584 620 orbiculato·

183 646 310 709 cordate,
323 646 443 701 foliaceae
456 665 481 700 r.
496 648 618 701 tenuiter
630 667 758 711 carnosa,
771 649 861 702 rarius
875 665 1099 701 crasso-carnosa
1117 647 1301 718 amygdalina
1313 667 1339 701 v.
1352 666 1444 718 parva
1456 666 1519 702 eum
1537 666 1579 702 ra·

182 729 275 784 dicula
293 731 445 794 continuae;
464 730 588 784 radicula
596 732 678 802 juxta
690 731 786 789 hilum.
799 731 891 785 brevis
904 749 929 784 v.
943 730 1082 784 rarissime
1095 730 1305 801 cotyledonibus
1321 730 1437 801 longior.

218 813 341 868 Arbores
354 813 511 876 fruticesve,
524 814 613 868 rarius
627 812 726 868 herba.
765 813 846 868 Folia
864 813 978 876 alterna,
991 831 1017 866 v.
1031 812 1061 866 in
1074 813 1216 884 speciebus
1228 814 1321 884 paucis
1335 814 1463 886 opposita
1479 833 1505 867 v.
1520 814 1582 869 sub·

184 897 318 968 opposita,
329 897 463 968 simplicia
474 896 655 966 penninervia
663 914 689 948 v.
698 896 888 966 palminersia,
901 896 1081 966 integerrima
1088 895 1200 951 dentata
1209 915 1236 950 v.
1244 897 1333 951 rarius
1343 897 1444 952 lobata.
1466 896 1581 968 Stipulae

183 980 307 1050 gemina,
320 979 404 1050 vulgo
416 997 506 1050 parvae
518 984 546 1032 et
559 978 689 1040 deciduae,
703 979 792 1033 rarius
805 980 924 1051 majores
937 985 965 1034 et
977 979 1158 1051 persistentes
1172 999 1196 1032 v.
1211 980 1323 1035 omnino
1336 980 1445 1035 desunt.
1483 979 1582 1035 Flores

184 1062 311 1118 axillares
323 1082 348 1117 v.
362 1063 529 1126 terminales,
543 1063 641 1134 saepius
654 1062 797 1134 eymulosi,
808 1062 925 1133 cymulis
937 1081 1012 1117 nunc
1023 1061 1180 1134 paucifloris
1194 1063 1333 1127 solitariis,
1347 1082 1421 1118 nunc
1433 1063 1461 1118 in
1474 1082 1580 1135 corym-
1608 1070 1613 1080 ’

183 1147 272 1202 bosv.
285 1146 424 1217 paniculas
437 1146 541 1217 amplas
554 1145 703 1217 dispositis.

217 1243 315 1307 Species
327 1242 360 1291 ad
370 1246 427 1301 330,
439 1259 485 1307 per
495 1242 582 1292 orbem
593 1247 716 1291 terrarum
728 1241 851 1306 dispersas,
863 1241 930 1290 intra
940 1241 1049 1306 tropicos
1061 1242 1192 1305 utriusque
1204 1244 1271 1292 orbis
1282 1259 1427 1304 numerosa,
1440 1244 1466 1292 in
1477 1244 1582 1308 regioni·

184 1323 230 1371 bus
248 1321 392 1386 temperatis
411 1321 580 1386 hemisphaerii
592 1326 643 1369 tam
656 1320 759 1369 borealis
772 1336 845 1384 quam
857 1321 972 1369 australis
983 1321 1125 1385 pauciores;
1144 1322 1170 1369 in
1190 1323 1286 1371 areticio
1305 1323 1495 1386 antarctieisque
1506 1323 1545 1371 uti
1556 1321 1583 1371 in

185 1405 281 1469 alpibus
294 1404 440 1454 editioribus
452 1406 550 1453 desunt.

216 1484 336 1543 Tiliaeeae,
348 1484 438 1549 ealycis
456 1483 609 1532 aestivatione
627 1483 763 1530 Maloaceis
775 1482 997 1546 Sterculiaoeirque
1014 1483 1158 1544 conformes,
1171 1484 1290 1533 differunt
1309 1484 1432 1548 imprimis
1450 1485 1583 1534 filamentis

185 1562 319 1626 saepissime
328 1562 413 1611 liberis
424 1578 447 1611 v.
460 1563 502 1610 vix
514 1561 568 1611 basi
578 1561 691 1609 connatis
702 1577 726 1610 v.
739 1561 848 1611 breviter
858 1561 1038 1626 polyadelphis,
1050 1567 1075 1611 et
1087 1579 1103 1611 a
1113 1563 1239 1627 prioribus
1249 1563 1351 1628 insuper
1367 1563 1478 1612 authoris
1490 1564 1582 1612 2-loeu·

183 1641 285 1690 laribus.
320 1640 403 1690 Ovula
413 1645 439 1688 et
449 1640 543 1689 senuna
553 1640 580 1688 in
591 1639 703 1688 Tiliaceis
714 1656 779 1704 saepe
789 1639 900 1704 pendula
911 1641 1075 1689 observantur
1091 1642 1169 1705 raphe
1179 1641 1292 1702 venmali,
1305 1642 1433 1691 character
1444 1642 1584 1691 Malvceeis

183 1721 278 1769 chenus
289 1724 315 1768 et
326 1720 368 1768 vix
380 1720 407 1768 ia
420 1719 592 1767 Sterculiacets
603 1719 778 1768 observandus.
820 1717 918 1767 Genera
934 1719 1055 1768 nonnulla
1067 1720 1231 1768 Biaa'nearum
1243 1736 1265 1768 v.
1280 1721 1492 1785 Sarnydcoearum
1507 1722 1583 1770 etiam

184 1799 296 1847 Tiliaceis
307 1798 391 1862 quoad
401 1797 485 1862 plures
497 1797 649 1846 characteres
661 1797 782 1846 accedunt
795 1797 840 1846 sed
850 1796 970 1861 placentis
982 1797 1143 1861 parietalibus
1156 1798 1340 1862 distinguenda
1358 1799 1383 1848 A
1394 1800 1482 1849 ceteris
1494 1799 1583 1849 Thala·

113 1931 119 1939 „
184 1877 287 1927 milleris
299 1876 448 1942 synoarpicis
459 1875 603 1941 polyandria
615 1875 729 1925 Tiliaceae
740 1875 828 1941 sepelis
840 1875 975 1940 saepissime
985 1875 1091 1925 valeatis
1102 1875 1174 1926 facile
1186 1884 1342 1942 separantur.

751 2074 851 2111 FORMAE
868 2074 1021 2110 machmas.

218 2179 290 2228 Folia
300 2179 416 2244 opposita
426 2179 453 2228 in
464 2179 635 2242 Plcpiopiero,
647 2184 673 2228 et
683 2179 711 2228 in
722 2180 849 2244 speciebus
861 2179 947 2244 paucis
961 2179 1133 2228 Slocaaaram
1144 2195 1167 2227 v.
1178 2180 1412 2244 Elaeocmpaemam.

219 2257 307 2322 Sepala
323 2258 490 2322 irregulariter
507 2258 686 2307 subimbricata
704 2258 730 2306 in
747 2258 858 2307 Slcaneae
877 2258 1005 2322 speciebus
1023 2257 1126 2322 paucis;
1145 2259 1282 2308 acernum
1297 2261 1430 2309 imbricata
1441 2261 1467 2308 in
1479 2261 1586 2323 Repeto·

186 2354 263 2400 carpo
277 2341 302 2385 et
312 2337 486 2400 Echiooearpo
494 2359 504 2393 ,-
522 2336 621 2384 minuta
632 2334 840 2384 subdentiformia
850 2336 876 2384 in
888 2335 1058 2398 Plapioptcro.

220 2415 307 2464 Petala
319 2415 409 2464 desunt
420 2415 447 2463 in
462 2415 572 2473 Grewiae,
588 2413 747 2476 Triumfettae,
759 2418 785 2461 et
797 2413 910 2461 Proolciae
927 2413 1055 2477 speciebus
1071 2414 1165 2477 paucis,
1179 2421 1204 2463 et
1215 2415 1243 2463 in
1261 2416 1373 2464 Sloaaeae
1392 2418 1519 2482 speciebus
1537 2417 1587 2466 fere

187 2494 318 2551 omnibus3
337 2492 421 2542 stricte
440 2493 539 2541 valvata
558 2491 642 2555 sepala
656 2491 799 2539 simulantia
816 2491 843 2538 in
855 2491 1017 2554 Plcpioptero
1023 2514 1033 2548 ;
1052 2490 1320 2555 induplicato·valvata
1330 2495 1357 2544 in
1368 2495 1522 2560 Elaeocarpc,
1535 2499 1587 2545 Da·

188 2572 298 2620 boazelic
311 2576 335 2620 et
350 2571 538 2632 Trieaspidcric
544 2591 554 2626 ,·
573 2569 656 2618 omnia
667 2570 692 2617 in
704 2568 822 2617 corollam
834 2569 1015 2633 gamopetalam
1027 2569 1116 2617 coalita
1128 2570 1154 2617 in
1164 2570 1347 2622 Aattclomote.

221 2649 334 2698 Stamina
345 2649 497 2698 subdefinita
508 2649 535 2696 in
546 2648 698 2711 Priumfettoe
709 2651 734 2696 et
746 2647 862 2696 Coretom'
873 2647 1001 2712 speciebus
1011 2647 1146 2708 nonnullis,
1157 2651 1324 2716 subperigyna
1334 2652 1362 2700 in
1371 2653 1513 2717 Mantinpic
1524 2659 1549 2702 et
1560 2654 1587 2701 in

190 2729 313 2778 Sleaaiec's
324 2727 454 2793 plerisque.

222 2807 344 2856 Ovarium
355 2807 381 2854 in
390 2813 461 2871 parte
469 2805 596 2870 superiore
607 2805 682 2869 septis
693 2803 845 2870 imperfectis
857 2805 1049 2854 sub-l-loculare
1060 2806 1087 2853 in
1100 2807 1272 2870 sparamese
1278 2832 1288 2868 ,·
1301 2810 1409 2875 carpella
1421 2810 1588 2859 subdistincta

188 2889 215 2936 in
227 2887 392 2935 Browalowia
407 2891 432 2934 et
445 2883 598 2934 Christiana.

222 2966 344 3030 Stigmata
354 2981 451 3029 magna,
464 2962 564 3022 sessilis,
577 2961 696 3011 distincta
707 2962 735 3010 in
749 2961 941 3026 Carpodiptera,
953 2963 980 3011 in
992 2980 1071 3014 unum
1083 2965 1163 3015 sessile
1175 2967 1264 3016 coalita
1276 2968 1303 3017 in
1315 2969 1466 3033 Mantinpic.

222 3045 350 3094 Albumen
362 3043 430 3092 deest
442 3042 468 3091 iu
481 3041 653 3089 Brownlosoio.

222 3123 387 3190 Cotyledones
398 3138 488 3187 parva,
501 3137 559 3170 cum
569 3119 682 3168 radicula
693 3135 774 3168 crassa
786 3118 910 3169 contiuua
922 3121 949 3170 in
961 3121 1113 3187 Mentinpic.

701 3322 898 3365 CONSPEGTUS
921 3324 1088 3367 GENERUM.

226 3438 347 3499 Series
363 3437 411 3496 A·
445 3435 686 3512 Holopetalae.
731 3433 829 3489 Petala
849 3435 946 3507 glabra
964 3455 989 3490 v.
1010 3437 1098 3492 rarius
1117 3437 1178 3492 basi
1197 3446 1276 3493 extus
1297 3424 1440 3511 puberula,
1460 3442 1589 3506 colorata,

191 3522 293 3586 tenuia,
303 3520 364 3576 basi
376 3525 518 3575 eontracta
529 3517 753 3592 sanguiculum,
765 3519 874 3591 integra
885 3539 911 3573 v.
922 3521 1061 3576 rarissime
1074 3521 1253 3593 emarginata,
1263 3523 1434 3580 aestivatione
1446 3525 1591 3580 imbricata

192 3605 291 3676 saepius
303 3609 438 3658 contorta.

225 3714 335 3762 'l'ribus
351 3714 377 3762 1.
411 3712 641 3762 Brownlowleas.
676 3711 765 3777 Sepala
782 3712 809 3761 in
829 3711 937 3778 calyoem
955 3713 1160 3778 campanulatum
1179 3716 1318 3765 3-5·fidum
1341 3717 1438 3766 coalita.
1472 3718 1591 3769 Anthera

193 3793 286 3851 breves,
299 3793 387 3856 sapius
399 3792 506 3855 globosa
517 3810 540 3841 v.
554 3792 669 3856 didymse,
681 3791 769 3840 loculis
782 3791 883 3840 demum
896 3792 965 3857 apice
977 3793 1166 3842 confluentibus.

562 3883 577 3914 ¹*
590 3884 713 3949 'Sicaniae
724 3883 846 3931 interiora
858 3885 873 3932 5
885 3884 1025 3931 caecitare
1040 3882 1221 3949 (stamiaodic).

293 3964 316 4011 1.
334 3961 533 4010 Bnowrtowra.
568 3957 681 4025 Carpella
693 3961 818 4020 distincta,
830 3960 938 4025 globosa,
952 3961 1167 4010 2·valvia.-Ase'e
1179 3967 1243 4026 trop.

293 4044 316 4089 2.
334 4041 467 4088 Paresaca.
501 4039 610 4089 Fructus
622 4040 786 4100 indehiscens,
799 4043 945 4104 lepermus,
958 4040 1233 4102 balatus—Malacae,
1245 4042 1321 4092 Jove.

293 4123 316 4169 3.
335 4119 523 4168 Drrnomseus.
559 4118 667 4183 Capsula
677 4118 785 4183 globosa,
797 4119 900 4182 integra.
935 4118 1016 4167 Torua
1027 4119 1233 4168 elevatus-Ias.
1247 4122 1386 4185 Philippis.

293 4202 317 4247 4.
335 4198 521 4246 P1rraarr11s.
557 4194 665 4261 Oapsula
675 4195 809 4254 turbinata,
823 4196 935 4255 5-valvis,
949 4198 1274 4263 5·angularis.-Zeylaoia.

678 4286 710 4318 *¹*
728 4285 844 4334 Stamina
855 4288 938 4335 omnic
949 4290 1111 4353 anthenfera.

294 4372 317 4418 5.
336 4367 513 4417 Cnmsrmua.
549 4365 664 4430 Carpella
676 4365 801 4425 distincta,
812 4364 920 4429 globosa,
932 4367 1047 4427 2·valvia,
1059 4369 1191 4417 exalata—
1197 4371 1257 4433 Asc.
1270 4375 1332 4434 trop.

293 4449 317 4497 6.
336 4448 456 4496 Besara·
491 4444 723 4511 Capsula3·valvis,
736 4444 836 4493 Salate.
871 4443 956 4508 Stylus
969 4460 991 4492 v.
1004 4446 1064 4510 styli
1075 4445 1310 4497 filiformes.-Asic
1321 4454 1384 4514 trop.

295 4526 318 4578 7.
337 4527 552 4576 Oanromrrsaa.
588 4522 696 4588 Capsula
713 4522 824 4582 avalvis,
842 4522 935 4570 delata
949 4521 981 4586 (v.
994 4524 1108 4584 3·valvis,
1126 4525 1257 4591 celatas).
1292 4528 1414 4593 Stigmata
1432 4549 1529 4597 magna,
1547 4552 1593 4583 ses·

262 4606 324 4666 eilia,
336 4603 598 4671 petaloidea.—Outc.

230 4716 340 4765 'l'ribus
359 4716 403 4764 11.
438 4715 588 4764 Grewieoe.
622 4709 848 4776 Sepaladistincta.
883 4708 970 4758 Petale
987 4709 1041 4758 basi
1057 4709 1264 4773 foveolataeirea
1281 4714 1353 4764 basin
1370 4717 1420 4765 tori
1437 4718 1494 4782 plus
1512 4722 1594 4770 minus

197 4792 285 4842 elevati
297 4795 366 4858 apice
377 4792 524 4870 staminiferi
535 4793 634 4840 inserta.
669 4789 788 4838 Antherse
800 4790 894 4848 breves,
907 4786 994 4836 loculis
1006 4787 1129 4851 parallelis
1142 4789 1274 4840 distinctis.

621 4882 636 4913 ὓ
653 4881 759 4930 Fmetaa
770 4882 878 4940 itaer-ints,
887 4879 1010 4942 piabere.
1023 4882 1178 4931 tomentosus.

298 4965 321 5012 8.
340 4962 463 5012 (insula.
497 4963 587 5026 Drupa
599 4960 762 5020 indehiscens,
774 4959 876 5024 globosa
887 4957 1025 5007 obovoidea
1037 4974 1060 5006 r.
1072 4957 1198 5012 lebeta-
1203 4962 1276 5010 Orbis
1287 4965 1374 5012 vetem
1385 4982 1434 5029 rep.
1447 4968 1522 5016 celiel.
