3510 5602
191 359 244 412 11th
658 356 761 412 XXII.
783 356 1129 413 aaaYOPHYLLuAE.

173 503 305 558 ‘dorsum
322 501 482 573 embsyonis
500 502 625 557 tenuiter
641 510 797 558 extensum.
834 505 959 576 Embryo
970 504 1033 575 plus
1053 504 1145 559 minus
1162 509 1302 567 curvatus,
1316 501 1506 574 periphorious
1525 520 1552 554 v.
1566 502 1596 555 in

191 585 346 640 seminibus
359 583 507 640 discoideis
521 586 677 650 subrectae,
692 587 866 642 excentrious
879 610 885 652 ;
899 587 1079 659 cotyledones
1093 593 1228 658 angusta,
1239 587 1465 658 plano-convexa
1476 603 1503 638 v.
1515 585 1595 639 serni·

189 674 302 730 teretes,
325 667 518 723 incumbentes
537 687 564 721 v.
585 669 727 724 rarissime
748 670 962 735 accumbentes;
987 669 1112 724 radicula
1129 676 1213 732 teres,
1231 670 1339 724 fructus
1358 669 1440 724 basin
1456 688 1482 722 v.
1495 668 1594 731 rarius,

191 752 296 806 semine
308 751 337 804 in
349 750 475 806 funiculo
486 770 598 807 reverso
610 770 636 806 a.
648 748 800 823 embryone
814 753 928 824 cyolioo,
941 753 1002 824 ejus
1015 753 1123 823 spicam
1136 758 1274 823 spectans.

225 833 331 889 Herbae
344 853 441 889 annua
453 853 480 888 v.
493 854 637 905 peronnae,
650 836 740 890 rarius
754 836 815 890 basi
827 835 1022 898 lactescentes,
1035 835 1119 889 ramis
1139 849 1212 906 sape
1231 833 1267 890 ad
1285 833 1374 890 nodos
1386 833 1547 889 incrassatis
1567 839 1597 887 et

189 917 331 972 interdum
344 917 508 972 articulatis.
534 918 614 973 Folia
626 919 762 990 opposita,
776 919 964 990 integerrima,
974 919 1139 989 plerumque
1151 917 1311 972 l·3·nervia
1322 923 1351 972 et
1360 917 1527 972 subenervia
1534 916 1598 971 basi

190 997 342 1072 sepissime
354 1000 429 1055 linea
439 1001 619 1055 transveassli
632 1007 758 1065 connata,
772 1001 941 1073 exstipulata
951 1019 978 1054 v,
992 1001 1104 1071 stipulis
1116 1001 1209 1071 parvis
1229 1000 1357 1055 nomionis
1371 1007 1460 1055 aucta
1499 999 1597 1054 Floras

188 1082 410 1155 hermaphroditi
421 1102 447 1136 v.
461 1083 550 1138 rarius
564 1083 665 1138 abortu
676 1084 862 1139 unisexuales.
889 1082 1102 1138 Inflaresoentia
1110 1083 1275 1154 oentrifuga,
1288 1101 1362 1137 nuno
1375 1082 1596 1152 cymam-multi-

140 1168 145 1178 '
189 1165 266 1230 flora,
278 1166 395 1237 simplex
407 1184 433 1219 v.
443 1165 611 1229 dichotoma,
624 1167 687 1220 laxa
698 1185 724 1219 v.
734 1167 895 1237 glomerata,
904 1166 994 1221 rarius
1006 1165 1205 1221 racemifonnis
1215 1165 1380 1237 thyrsoidea
1391 1184 1417 1218 v.
1426 1165 1595 1237 paniculata‚

189 1268 263 1303 nuno
275 1248 433 1320 pauoiflora,
448 1249 612 1320 simpliciter
623 1249 762 1304 bifurcata
773 1268 800 1303 v,
814 1249 849 1304 ad
861 1249 959 1304 florem
976 1249 1092 1303 unicum
1108 1247 1232 1304 reducta.
1270 1248 1395 1303 Braoteae
1414 1248 1449 1302 ad
1460 1247 1595 1302 ramifica-

188 1333 280 1387 tiones
293 1333 435 1403 oppositae,
450 1350 564 1387 summa
577 1351 649 1403 soepe
667 1333 793 1404 margine
812 1351 839 1386 v.
853 1333 966 1388 omniuo
989 1332 1124 1387 scariosae.
1167 1331 1280 1387 Semina
1300 1350 1376 1389 nune
1395 1330 1476 1387 lavia
1496 1331 1595 1394 nitida,

190 1434 264 1470 nuno
276 1434 363 1486 opaca
374 1415 524 1487 granulosa
535 1433 561 1469 v.
575 1416 720 1479 muricata,
733 1415 859 1487 maugina
872 1415 962 1470 rarius
975 1415 1057 1470 alata.

223 1524 320 1588 Species
337 1524 369 1574 ab
385 1526 529 1573 auctoribus
547 1524 678 1590 descripta
694 1524 763 1573 ultra
780 1526 852 1584 1200,
864 1524 1032 1573 verisimiliter
1045 1523 1112 1572 infia
1122 1525 1172 1573 800
1183 1523 1339 1574 reducenda.
1382 1524 1416 1573 In
1425 1523 1597 1589 hemisphaerii

189 1603 295 1653 borealis
305 1603 449 1667 regionibus
459 1603 635 1668 astrati-opicis
653 1604 764 1652 maximo
781 1618 889 1653 numero
899 1603 1070 1663 inveniuntur,
1082 1607 1107 1650 at
1118 1619 1197 1666 suque
1211 1604 1245 1652 ad
1259 1607 1339 1652 terras
1356 1604 1459 1652 arcticus
1475 1619 1596 1652 maumas-

189 1698 237 1746 que
248 1682 315 1747 alpes
327 1687 451 1741 extonam
464 1682 492 1730 in
503 1681 676 1747 hemisphaerio
693 1681 797 1730 australi
806 1681 920 1741 munros,
932 1682 998 1730 inter
1008 1682 1118 1746 tropicos
1134 1682 1268 1731 nouissima
1278 1687 1304 1732 at
1317 1682 1360 1731 vix
1371 1681 1421 1731 nisi
1431 1683 1458 1730 in
1468 1681 1596 1731 montibus

189 1761 275 1810 obvia.

223 1837 513 1904 Caryophylleaetypicae
529 1836 884 1903 petaliferafoliisoppositis,
896 1838 1044 1888 staminibus
1068 1839 1185 1900 definitis,
1203 1839 1290 1889 ovario
1311 1855 1359 1904 pro
1374 1839 1485 1888 maxima
1507 1839 1596 1888 saltem

188 1923 262 1983 parte
274 1918 404 1967 l-looulaai
417 1917 568 1978 oo-ovulato‚
580 1922 606 1966 et
616 1917 761 1976 seminibus,
772 1916 844 1966 faoilo
861 1917 1059 1982 distinguuntur.
1105 1917 1205 1967 Genera
1221 1923 1305 1967 tamen
1323 1917 1414 1982 quibus
1425 1918 1497 1967 flores
1508 1934 1524 1966 a
1534 1922 1596 1981 typo

189 1997 348 2045 reducuntun
367 2000 392 2044 et
409 1996 498 2060 petalis
517 2000 611 2056 carent,
623 2000 649 2045 et
671 1995 747 2044 ovula
760 1996 787 2044 in
805 1996 890 2044 ovorio
909 2011 1035 2060 perpauca
1054 1996 1106 2045 imo
1125 1996 1243 2057 solitaria,
1259 1997 1439 2060 Parooyokisia
1454 1997 1578 2046 accedunt
1587 2017 1594 2054 ;

189 2073 275 2124 fructu
285 2080 370 2123 tamen
387 2074 511 2139 capsulari
528 2089 573 2122 neo
588 2073 725 2123 utriculoso
743 2074 930 2138 dignoscuntur.
966 2075 1174 2135 Molluoiaearma
1190 2075 1284 2139 species
1300 2085 1387 2139 paucae
1397 2075 1487 2139 petalis
1497 2073 1597 2123 donate

189 2153 271 2218 primo
289 2154 384 2202 intuitu
404 2151 598 2218 Oaryophylloas
616 2157 757 2201 memorant
773 2156 799 2200 et
815 2153 845 2200 iis
862 2168 926 2217 saepe
942 2152 1128 2212 adscribuntur,
1146 2153 1189 2201 sed
1208 2152 1273 2201 soliis
1288 2168 1339 2201 non
1358 2167 1416 2202 vore
1433 2153 1553 2217 oppositis
1570 2156 1596 2201 et

189 2233 275 2282 ovanio
287 2236 383 2297 septato
395 2232 524 2281 recedunt.

754 2389 856 2426 1012ss
872 2386 1026 2426 sanonum.

223 2495 309 2545 Floras
318 2494 464 2560 dimorpha,
476 2492 613 2562 petaliferse
625 2494 727 2555 steriles,
740 2493 844 2559 apetaloe
854 2491 983 2542 inferiores
994 2490 1124 2542 fertiliores
1141 2491 1168 2540 in
1181 2490 1309 2540 scolaces
1322 2489 1592 2555 (Krasoiieninikooiia)

190 2574 327 2624 nonnullis.

223 2654 312 2703 Patala
323 2652 413 2702 dosunt
424 2653 451 2701 in
466 2652 568 2714 Quarta,
584 2651 694 2715 Oropia,
710 2651 867 2706 Cotobacchi,
879 2655 905 2699 ot
916 2651 1068 2714 Miaropbye,
1081 2654 1106 2698 et
1123 2649 1149 2698 iu
1167 2649 1295 2714 speciebus
1310 2663 1334 2698 v.
1346 2647 1523 2714 speciminibus
1534 2665 1595 2698 non·

190 2727 267 2783 nullis
278 2732 411 2783 Arenaria
425 2730 590 2794 (caeram),
603 2731 708 2794 Supina,
721 2729 896 2793 Sperpalorioe,
908 2727 1051 2792 Lofliapioe,
1064 2732 1110 2776 eto.

224 2811 380 2860 Staminodia
389 2805 402 2860 Ρ
419 2811 508 2875 sepelis
519 2808 641 2873 opposita,
653 2807 794 2872 petaloidea
804 2807 832 2854 in
844 2807 969 2866 sotadeo,
981 2806 1080 2854 minuta
1090 2803 1218 2854 filiformia
1228 2804 1256 2853 in
1270 2804 1371 2866 Quarta.

224 2889 337 2938 Stamina
348 2889 436 2954 sepalis
448 2889 546 2936 alterna
557 2891 582 2935 et
594 2887 700 2934 isomera
712 2886 739 2933 in
753 2885 913 2933 Colobaatto.

224 2968 338 3017 Stamina
348 2968 437 3017 leviter
447 2966 568 3031 perigyna
580 2964 607 3012 in
616 2965 726 3012 Alaiaeia
738 2963 941 3028 Drymarieisqas
952 2960 1088 3011 nonnullis.

224 3047 310 3112 Stylus
321 3047 364 3095 vix
376 3046 470 3094 divisus
481 3045 508 3093 in
518 3043 692 3108 Polyoacpaeia
702 3041 837 3090 nonnullis.

224 3125 334 3190 Oapsulo
351 3123 555 3174 subindehisoens
573 3122 600 3170 in
615 3121 825 3184 Acaathcplayllo,
844 3120 968 3183 Daypida
983 3119 1106 3168 &cubela
1113 3141 1122 3176 ;
1140 3118 1231 3168 abortu
1246 3133 1421 3182 monosperma
1438 3118 1465 3167 in
1480 3119 1593 3184 Brachy-

189 3208 324 3265 sammaa,
345 3203 550 3267 Spaaeroaomate,
562 3204 587 3249 et
607 3200 634 3248 in
649 3199 779 3264 speciebus
797 3199 925 3247 nonnullis
941 3198 1138 3261 Aeantaopayla·
1156 3203 1182 3246 ct
1198 3196 1325 3245 Stellas-ia
1346 3195 1542 3261 (Sobizotccbii);
1562 3199 1593 3248 ab

190 3284 263 3333 initio
276 3285 400 3347 l·sperma
411 3281 437 3330 in
452 3282 551 3340 cocao,
562 3279 715 3329 subosmoso
724 3279 756 3329 in-
767 3277 899 3338 manico,
909 3277 1054 3327 utriwlanis
1065 3277 1092 3325 in
1103 3275 1311 3340 Spbaerooomate.

225 3361 339 3425 Embryo
350 3365 432 3409 rectus
444 3360 471 3406 in
483 3357 616 3406 manaseas
627 3362 652 3406 et
660 3373 751 3421 parum
760 3360 877 3406 curvatus
885 3374 909 3406 v.
916 3354 967 3405 fere
979 3360 1061 3404 rectus
1072 3355 1098 3403 in
1108 3355 1246 3419 Polycaspi
1254 3360 1280 3403 et
1289 3355 1459 3418 Polycarpaeae
1467 3355 1595 3420 speciebus

191 3438 328 3496 nonnullis,
340 3438 366 3485 in
381 3437 485 3499 Orteqia
497 3439 522 3485 at
533 3435 560 3482 in
572 3433 709 3498 Loefliapia.

225 3514 390 3580 Cotyledoncs
408 3515 583 3563 accumbentes
601 3513 629 3559 in
651 3513 777 3560 Arenaria
798 3511 974 3576 (Rhodalsiae)
993 3512 1166 3575 procumbente
1184 3516 1209 3561 et
1227 3511 1254 3560 in
1275 3512 1446 3577 Polycacpaeae
1468 3512 1596 3578 speciebus

193 3594 315 3660 pluribus.

699 3751 896 3800 CONSPEGTUS
920 3751 1085 3793 GENERUM.

225 3865 337 3914 'fribus
353 3867 379 3914 1.
414 3867 548 3916 silentes.
583 3865 672 3930 Sepala
688 3865 716 3914 in
732 3866 843 3931 calyoem
860 3865 992 3915 dentatum
1009 3865 1192 3915 v.4-5-lobum
1209 3864 1308 3913 coalita.
1343 3864 1433 3916 Patala
1447 3869 1472 3913 et
1489 3864 1597 3917 samm

191 3944 329 4010 hypogyna
339 3959 397 3993 oum
408 3944 493 3993 ovorio
504 3945 532 3993 in
543 3945 720 4009 gynophorum
731 3943 891 4010 stipitiforme
903 3944 1000 3993 clevata
1016 3961 1039 3992 v.
1051 3943 1133 3992 rarius
1150 3943 1253 3993 sessilia.
1288 3943 1378 3993 Patala
1393 3943 1427 3992 ad
1443 3944 1540 4008 apicem
1551 3959 1596 3992 un·

192 4023 250 4088 guis
261 4023 330 4074 intus
341 4021 490 4087 squamifera
500 4041 523 4072 v.
536 4023 613 4072 nuda.
648 4023 713 4088 Styli
724 4023 804 4073 abasi
815 4022 934 4073 distincti.
969 4022 1073 4087 Stipulae
1084 4024 1109 4071 0.
1133 4084 1140 4089 ,

402 4126 418 4158 ⁴
438 4127 653 4191 Sesataapeltato,
666 4127 828 4191 bilosaaa'oli.
861 4126 1070 4191 Embcyoreoias.
1104 4124 1170 4189 sapa
1181 4129 1205 4174 2.
1242 4125 1401 4189 (Diantheae.)

293 4220 316 4266 1.
332 4217 461 4267 Vatazm.
497 4217 576 4283 Galyx
595 4223 699 4283 anguste
717 4217 858 4277 tubulosus,
870 4221 944 4266 acute
962 4216 1115 4276 identatus,
1128 4216 1153 4264 5-
1170 4233 1194 4266 a.
1214 4217 1377 4266 15-oostatus.
1411 4213 1526 4264 Stamina
1541 4216 1597 4265 5.—

259 4294 318 4345 Ear.
331 4300 418 4355 asaia,
430 4297 496 4344 Asia
507 4297 583 4344 occid.

293 4377 316 4423 2.
334 4374 490 4422 miscuas.
516 4374 594 4440 Galyx
605 4374 792 4435 multistriatus,
803 4373 955 4422 bracteatus.
990 4372 1105 4422 Stamina
1116 4373 1264 4433 10.-Ecr.‚
1275 4375 1435 4436 Aetatem„
1446 4374 1532 4421 Amor.
1545 4372 1597 4420 bor.

259 4468 318 4513 oca,
329 4453 391 4516 Asta
404 4451 455 4501 bor.
467 4455 492 4500 et
502 4457 581 4501 acar.

292 4534 317 4579 8.
334 4530 449 4579 Tomos.
492 4530 570 4594 Galyx
590 4530 769 4579 turbinatusv.
783 4529 1047 4594 elongato-tubulosus‚
1066 4531 1157 4579 obtuso
1177 4530 1330 4591 identatus,
1348 4529 1375 4580 5-
1392 4547 1416 4579 v.
1438 4532 1599 4579 limitatus.

258 4608 373 4659 Stamina
383 4610 452 4657 10.-
457 4607 525 4667 Ean,
548 4609 615 4657 Asia
626 4609 701 4657 occid.

192 4713 226 4748 *ὓ
242 4713 331 4762 Hilam
343 4713 456 4762 laterale.
486 4710 592 4776 Embcyo
606 4711 784 4775 pcripben'oua
822 4712 933 4774 Oopsala
949 4711 1150 4773 aabiadeba'sccaa
1163 4712 1494 4776 obmasoepiaal-apsrma.
1521 4709 1599 4759 Folia

719 4790 865 4854 pamqeatia.
903 4788 1066 4854 (Drypideae.)

291 4886 315 4933 4.
333 4881 608 4933 Acmanormnuu.
643 4879 722 4946 Calyx
735 4881 760 4929 5-
772 4879 852 4928 rarius
865 4880 1015 4929 lli-nervius.
1050 4880 1114 4945 Styli
1125 4881 1348 4930 a-Asiameaia.

288 4963 312 5013 ⁵.
330 4963 443 5012 Dasius.
481 4959 561 5026 Oalyx
576 4959 725 5008 tae-nervius.
760 4954 825 5023 Styli
838 4955 972 5022 s.-Re9a
983 4956 1113 5007 Meditor.
