3556 5580
608 1683 610 1688 Χ
703 1525 1122 1670 consessurus

436 1840 867 1920 DIUOTYLEDONUM
906 1840 1359 1919 POLYPETALARUM.

797 2095 998 2131 ...ἡ-μ...

232 2292 372 2349 Genitalis
384 2294 483 2366 petalis
497 2294 636 2351 distinctis
649 2295 724 2351 intra
737 2295 859 2368 calyeem
873 2298 965 2354 cincta
976 2297 1080 2370 stipata
1091 2317 1116 2352 v.
1131 2297 1254 2353 suffulta.

228 2391 355 2456 Excepta:
374 2393 462 2442 Petale
472 2394 499 2441 in
510 2395 641 2458 generibus
654 2394 824 2445 Ordinibnsve
835 2395 984 2445 staminibus
995 2395 1171 2461 monadelphis
1190 2396 1290 2446 donatis
1301 2396 1363 2445 tubo
1376 2394 1498 2444 stamineo
1509 2393 1598 2459 saepius

411 2472 469 2537 plus
479 2473 563 2521 minus
575 2473 710 2532 adhaerent,
724 2479 750 2523 et
761 2474 880 2523 corollam
891 2474 1073 2540 gamopetalem
1084 2475 1210 2524 simulant.

374 2551 460 2599 Petale
476 2551 503 2598 in
519 2552 594 2600 variis
610 2551 748 2600 Ordinibus
764 2553 818 2601 basi
834 2553 900 2601 inter
916 2569 942 2601 se
958 2569 1022 2617 saepe
1039 2551 1170 2613 cohaerent,
1187 2552 1308 2618 imprimis
1325 2553 1351 2601 in
1369 2552 1597 2612 Termtroemicceir,

413 2629 545 2686 Olacines’s,
557 2629 576 2675 I
577 2629 678 2687 licincis,
690 2629 800 2693 aliisque.

379 2706 479 2755 Corolia
494 2722 551 2755 vere
568 2706 724 2771 gamopetala
741 2706 889 2756 staminibus
907 2708 969 2756 tubo
985 2707 1085 2756 insertis
1096 2725 1120 2756 v.
1133 2707 1274 2773 hypogynis
1285 2709 1312 2757 in
1323 2708 1456 2773 generibus
1466 2710 1598 2774 perpaucis

410 2785 494 2848 parvis
506 2800 551 2848 per
561 2785 643 2832 varios
656 2784 764 2833 Ordines
776 2785 901 2850 dispersis.

379 2861 476 2911 Genera
487 2867 574 2911 contra
585 2878 699 2910 normam
717 2863 815 2927 apetala
826 2868 960 2912 occurrunt
976 2863 1003 2911 in
1020 2863 1136 2913 omnibus
1148 2863 1199 2914 fere
1211 2863 1349 2914 Ordinibus
1358 2864 1461 2929 magnis,
1473 2865 1596 2930 imprimis

409 2940 436 2988 in
448 2940 655 2996 Bamncalcoeis,
667 2939 793 3001 Bioeccca'a,
807 2941 990 3000 Sterculicceia
1004 2943 1168 3006 Sopiadoeeis
1179 2944 1289 3008 aliisque.

377 3018 467 3084 Sepale
476 3018 573 3068 minute
585 3017 743 3068 dentiformia
753 3035 777 3068 v.
790 3019 894 3069 omnino
905 3020 1068 3084 inconspicua
1079 3021 1105 3069 in
1116 3023 1247 3085 generibus
1266 3023 1397 3087 perpaucis
1409 3023 1499 3087 saepius
1511 3039 1596 3075 mono·

409 3099 508 3162 typicis.

293 3191 372 3240 Series
384 3193 408 3240 1.
425 3192 655 3240 Tnsnsssmnonn.
691 3189 769 3255 Oaiyx
781 3192 813 3240 ab
825 3192 910 3241 orario
923 3191 1056 3256 saepissime
1067 3193 1138 3242 liber.
1172 3192 1260 3243 Patala
1272 3191 1430 3242 l-serialiav.
1443 3208 1507 3257 saepe
1519 3196 1594 3243 2-oe-

259 3270 363 3319 serialia.
398 3269 511 3319 Stamina
524 3284 552 3318 oo
565 3285 589 3317 v.
602 3269 713 3329 definita,
725 3273 781 3318 toro
790 3269 879 3334 saepius
895 3286 973 3335 parvo
990 3289 1014 3320 v.
1026 3271 1122 3321 elevato
1133 3289 1156 3321 v.
1170 3270 1325 3336 stipitiformi
1335 3271 1435 3320 inserta.
1472 3271 1594 3322 Ovarium

261 3350 395 3414 sepissime
405 3365 531 3413 superum.

292 3428 373 3477 Series
386 3431 409 3477 2.
427 3427 607 3476 D1scrsnonm.
642 3425 722 3491 Galyx
738 3426 769 3474 ab
788 3427 874 3475 ovorio
891 3427 981 3491 sapius
997 3426 1069 3477 liber.
1104 3427 1189 3476 Petale
1209 3427 1339 3476 isarialia.
1373 3427 1487 3478 Stamina
1504 3431 1594 3495 sapius

258 3507 368 3566 delinita,
380 3506 447 3554 intra
464 3521 487 3554 v.
500 3521 576 3570 supra
592 3522 616 3554 v.
629 3505 694 3555 eirca
710 3509 795 3554 torum
811 3505 838 3553 in
855 3504 953 3558 disum
970 3506 1060 3570 saepius
1077 3522 1215 3571 expansum
1231 3506 1330 3556 inserta
1366 3507 1487 3556 Ovarium
1504 3509 1593 3574 saepius

258 3601 380 3651 superum
391 3599 414 3633 v.
427 3583 496 3633 disco
507 3584 661 3633 immersum.

292 3664 372 3714 Series
384 3667 407 3712 3.
427 3662 630 3712 Gramineus.
672 3661 769 3727 Calycis
787 3661 863 3711 tubus
884 3661 973 3726 sapius
992 3662 1106 3712 orarium
1123 3660 1209 3712 fovens
1226 3679 1250 3712 v.
1270 3663 1293 3712 ei
1311 3664 1426 3712 adnatus.
1461 3664 1548 3714 Petale
1567 3669 1592 3715 1-

256 3743 360 3804 serialia,
372 3741 462 3806 calycis
479 3742 541 3790 tubo
557 3741 657 3790 inserta.
693 3739 807 3788 Stamina
820 3754 848 3788 oo
861 3757 885 3789 v.
898 3739 1008 3800 definita,
1020 3741 1108 3806 calycis
1125 3743 1189 3791 tubo
1205 3757 1229 3790 v.
1241 3741 1310 3791 disco
1320 3741 1408 3807 colycis
1419 3744 1510 3792 tubum
1521 3745 1593 3794 vesti·

255 3823 309 3872 enti
319 3821 452 3886 sepissime
463 3821 563 3869 inserta.
598 3818 721 3868 Ovarium
732 3834 796 3882 sape
807 3819 896 3884 calycis
908 3820 972 3868 tubo
983 3819 1109 3868 inclusum
1119 3837 1143 3868 v.
1155 3808 1270 3868 inferum.
1534 3874 1537 3879 4

225 3901 300 3964 (Vide
311 3916 401 3965 genere
420 3899 541 3948 nonnulle
557 3896 700 3963 polypetala
719 3897 982 3960 Campanslaoearam,
994 3897 1183 3956 Ericoceoram,
1195 3897 1385 3962 Myrmecem,
1397 3900 1591 3964 scaenarum,

190 3979 256 4028 inter
273 3978 457 4043 Gamopetales,
475 3984 500 4028 et
519 3993 609 4042 genera
627 3975 756 4041 petalifera
773 3976 800 4024 in
815 3975 966 4038 Monimieir,
983 3976 1166 4040 Phytolocceir,
1183 3976 1369 4042 Paronyclriec'a,
1386 3980 1592 4043 anatomicam,

192 4058 347 4121 Juqlandeir,
359 4073 414 4121 quae
425 4073 511 4106 omnes
522 4071 568 4120 pro
580 4056 691 4104 maxima
700 4059 772 4120 parte
783 4054 887 4119 apetalae
898 4059 958 4103 sunt
969 4058 994 4103 et
1004 4054 1070 4103 inter
1082 4055 1322 4121 Monochlamydess
1335 4059 1512 4124 recensentur.)

657 4212 772 4270 Sumus
795 4212 818 4270 Ι.
846 4211 1121 4269 Tnsnsurrnonn.

224 4343 324 4417 Sepala
336 4342 476 4406 distincta,
489 4340 626 4397 herbacea
638 4359 664 4394 v.
677 4339 767 4395 rarius
779 4338 944 4412 petaloidea,
963 4339 1109 4396 imbricata
1122 4361 1148 4396 v.
1162 4340 1273 4398 salvata
1285 4362 1311 4397 v.
1325 4342 1354 4397 in
1367 4342 1490 4415 calycem
1498 4347 1589 4402 valva-

187 4435 248 4484 tum
265 4428 354 4482 rarius
367 4425 544 4480 imbricatum
562 4424 669 4487 coelite,
683 4422 717 4479 ab
735 4423 830 4478 ovario
845 4422 941 4477 libera.
978 4420 1068 4477 Torua
1088 4442 1198 4495 parvus,
1212 4424 1336 4481 elevatus
1355 4446 1381 4481 v.
1395 4427 1589 4499 stipitiformis,

186 4514 275 4567 rarius
294 4509 599 4573 carnoso-incrassatur,
612 4507 753 4562 rarissime
773 4507 803 4561 in
824 4506 932 4561 discum
953 4524 1099 4578 expansus.
1137 4507 1235 4563 Petale
1256 4527 1283 4563 v.
1297 4511 1471 4566 1-2·serialie
1489 4514 1588 4584 sepelis

186 4595 338 4659 dissimilia,
351 4613 378 4648 v.
391 4592 585 4648 2-oo-serialia
597 4590 698 4663 sapalis
711 4589 850 4662 gradatim
862 4593 979 4652 mutata,
992 4594 1054 4644 toro
1066 4609 1093 4644 v.
1106 4591 1195 4646 rarius
1208 4591 1270 4646 imae
1281 4591 1343 4647 basi
1354 4591 1456 4665 calycis
1474 4595 1588 4660 inserta,

185 4680 311 4735 liberav.
325 4677 464 4733 androecio
476 4676 586 4731 adnata.
624 4672 796 4729 Staminsoo
809 4691 835 4726 v.
850 4671 973 4736 definita,
987 4676 1049 4726 toro
1061 4674 1189 4729 userius
1209 4674 1270 4730 imae
1282 4675 1343 4731 basi
1360 4677 1461 4749 calycis
1474 4678 1586 4744 inserte,

186 4782 203 4817 a
214 4763 314 4834 petalis
326 4759 416 4816 libera
427 4779 453 4814 r.
467 4759 501 4814 iis
514 4758 575 4815 basi
587 4757 765 4813 adhaere'ntia.
803 4755 970 4827 Gynoecium
988 4773 1039 4827 per
1056 4755 1186 4812 anthesin
1200 4776 1340 4830 superum,
1353 4761 1442 4815 rarius
1456 4767 1516 4816 toro
1529 4781 1587 4818 car-

186 4845 421 4901 noso-incrassato
435 4843 658 4898 subimmersum.

218 4943 345 5006 Excepta:
364 4939 514 5006 Gynoecium
525 4942 581 4987 toro
593 4934 754 5002 cupulit'ormi
764 4949 869 4985 carnoso
879 4935 1006 4985 inclusum
1016 4950 1041 4984 r.
1053 4935 1199 4987 immersum
1210 4938 1237 4987 in
1248 4939 1411 5001 Eupomatia
1423 4940 1451 4988 in
1466 4940 1586 5004 Calycan-

401 5019 500 5079 tlsneeis,
512 5016 539 5064 in
551 5014 738 5080 Nymphonem
748 5012 884 5064 nonnullis.

369 5096 468 5162 (lelycis
480 5095 557 5145 tubus
569 5111 627 5143 cum
638 5099 695 5143 toro
707 5108 750 5142 seu
761 5091 830 5143 disco
841 5093 968 5159 capulata
978 5095 1004 5142 et
1011 5107 1091 5157 usque
1102 5095 1135 5145 sd
1146 5094 1258 5144 medium
1267 5108 1323 5144 cum
1336 5095 1448 5158 gynoecio
1456 5101 1588 5158 uenustus,

399 5174 485 5227 orario
497 5173 576 5238 igitur
586 5171 735 5232 semiiniero,
747 5171 775 5220 in
786 5169 936 5221 Portalacc.
