3556 5580
189 373 328 442 Gloriam]
689 374 824 432 XXVII.
843 373 1094 433 GETTIF-ERAE.
1540 380 1592 436 lte

184 523 200 570 i.
213 526 231 570 t.
244 523 278 570 64
288 524 314 569 et
326 519 404 582 Presl,
416 521 502 587 Symb.
514 523 573 571 Bot.
590 523 615 571 ii.
628 527 646 572 t.
659 525 700 584 66,
712 524 806 573 additis
819 524 833 573 5
846 541 876 574 ex
889 522 1005 572 Amerina
1015 522 1118 573 neutrali
1135 539 1158 572 v.
1173 522 1247 572 Nova
1258 521 1385 582 Granada,
1402 522 1434 571 ab
1446 523 1589 573 auctoribus

184 600 267 648 citatis
279 600 390 663 generice
398 616 414 647 a
425 601 647 665 Olnysoctlcmyde
659 603 822 666 distinguitur
833 602 957 666 imprimis
969 601 1039 651 an‘llo
1051 618 1066 650 a
1077 600 1199 650 foramine
1213 617 1259 650 nec
1271 618 1286 649 a
1296 599 1409 649 funiculo
1421 602 1534 662 oriundo,
1547 603 1591 666 qai

185 678 279 727 idcirco
289 677 435 727 arillodiam
446 695 492 728 nec
503 679 588 728 arillas
600 679 700 729 dicitur.
735 680 789 729 Nos
801 684 886 729 tamen
896 680 923 728 in
938 682 1160 745 Otnyaoctlemyde
1170 680 1236 729 arilli
1246 680 1319 728 basin
1327 679 1436 728 vidimus
1445 695 1503 728 cam
1515 682 1590 730 enda·

185 756 269 820 carpio
280 761 305 805 et
317 756 368 805 hilo
376 756 477 805 seminis
488 762 540 805 tam
551 763 618 806 arcte
629 761 773 806 concretum
785 763 815 806 ut
827 757 953 807 funiculas
965 759 1050 808 nullas
1061 764 1173 824 apparat,
1185 762 1210 806 ct
1222 758 1308 806 arillas
1320 758 1458 807 exambita
1470 758 1591 809 cicatricis

187 835 331 900 andocarpii
341 852 365 884 v.
378 835 479 884 seminis
490 836 551 884 oriri
561 836 683 885 videatur.
706 836 793 885 Floras
804 837 831 884 in
845 837 1010 900 Tononitopsi
1021 837 1110 886 imeri
1120 852 1166 885 nec
1178 837 1267 886 5-meri
1277 837 1404 894 dicantar,
1416 836 1459 884 sed
1470 837 1553 900 petala
1563 839 1590 887 in

188 916 215 964 T.
224 915 375 977 pantacicis
391 919 456 963 certe
473 914 571 963 variant
587 916 643 963 4-6.
680 915 860 974 concursura,
872 916 958 974 Mic-rs,
969 916 997 963 in
1016 915 1106 964 Trans.
1124 913 1197 963 Linn.
1211 915 1266 963 Soc.
1278 915 1329 962 xxi.
1341 916 1397 963 252.
1411 918 1429 962 t.
1441 915 1474 964 26
1488 914 1587 980 (nomen

183 998 208 1042 et
219 994 250 1041 ic.
263 992 383 1056 seminis),
395 992 560 1042 verisimiliter
570 993 647 1042 etiam
657 994 691 1042 ad
704 993 948 1058 Chrysoclalcmydem
958 993 1075 1056 pertinet.

222 1090 446 1159 losrovomna,
459 1095 544 1148 Aatl.
569 1096 618 1148 Pl.
646 1096 711 1149 oni.
732 1098 794 1149 956.
818 1101 837 1148 t.
860 1097 921 1149 364.
943 1093 1101 1161 (Mariaba,
1121 1095 1210 1149 Vand.
1232 1114 1266 1148 ex
1285 1095 1353 1150 Dc.
1378 1096 1466 1150 Prod.
1486 1095 1505 1149 i.
1526 1099 1593 1151 560.-

185 1176 410 1239 Beauharnoisia,
426 1178 503 1232 Rata
522 1183 549 1231 et
571 1178 644 1232 Pac.
666 1179 696 1231 in
709 1178 784 1232 Ann.
806 1179 883 1232 Mna.
906 1179 980 1231 Par.
1001 1176 1038 1230 xi.
1059 1175 1103 1233 tl.
1125 1183 1144 1230 t.
1162 1180 1188 1232 9.
1239 1175 1439 1240 Micranthera,
1457 1179 1546 1233 Oloia.
1559 1180 1590 1233 in

186 1263 270 1315 Mem.
287 1262 344 1316 Sco.
360 1261 439 1314 Hist.
454 1262 525 1314 Nat.
541 1262 614 1315 Par.
628 1261 645 1313 i.
660 1262 721 1314 224.
736 1267 756 1314 t.
776 1258 1319 1330 11,12.)-F]0resdioiciv.polygami.
1358 1257 1458 1330 Sepala
1477 1260 1494 1312 2
1515 1280 1541 1315 v.
1562 1264 1588 1316 4.

184 1343 284 1399 Petala
302 1345 381 1407 4-10,
409 1343 562 1405 imbricata,
585 1361 656 1414 saepe
678 1343 839 1413 geminatim
860 1343 968 1397 seriata.
1008 1341 1199 1405 Staminaeo3
1225 1341 1368 1396 filamenta
1387 1341 1482 1406 libera,
1499 1344 1590 1413 rigide

183 1426 430 1488 lineari-subulam,
445 1426 521 1496 apice
539 1431 700 1489 attenuata;
721 1425 843 1479 anthera
862 1424 1030 1487 terminales,
1044 1423 1217 1486 alocalares,
1232 1423 1331 1494 sapias
1348 1423 1477 1478 minimae.
1515 1426 1589 1482 Ova-

183 1510 256 1564 rium
268 1513 296 1564 4-
312 1510 412 1578 (rarius
422 1510 462 1577 5.)
476 1507 596 1563 Ioculare
608 1531 615 1571 ;
635 1507 767 1577 stigmata
780 1507 919 1571 distincta,
934 1525 1034 1570 crassa,
1049 1505 1209 1560 subsessilia
1221 1524 1246 1559 r.
1260 1506 1340 1578 stylis
1354 1506 1485 1562 brevibus
1499 1509 1587 1575 fulta,

184 1593 267 1647 ovula
286 1592 315 1646 in
335 1591 434 1646 loculis
453 1590 585 1654 solitaria,
604 1590 788 1662 amphitropa‚
807 1588 1014 1644 adscendentis.
1052 1588 1173 1660 Capsula
1188 1607 1310 1651 carnosa,
1329 1588 1441 1644 demum
1456 1591 1589 1647 valvatim

185 1675 338 1730 dehiscens.
377 1673 489 1729 Semina
501 1672 652 1736 exarillata,
666 1678 829 1744 tegumento
842 1677 956 1726 externo
968 1689 1083 1726 carnoso
1095 1670 1417 1727 arilliformi.-Arb0res
1430 1692 1456 1728 v.
1467 1673 1589 1738 frutices,

186 1777 268 1814 succo
279 1758 412 1812 resinoso.
438 1756 517 1811 Folia
529 1755 718 1827 penninerria,
728 1774 803 1809 nanc
815 1754 938 1809 coriacea
950 1759 978 1808 et
989 1772 1083 1826 opaca,
1092 1772 1166 1807 nunc
1178 1754 1305 1808 tenuiora
1314 1761 1342 1808 et
1354 1755 1433 1810 lineis
1445 1756 1590 1827 pellucidis

184 1840 433 1913 longitudinalibas
445 1839 623 1894 andalatisve
636 1856 775 1909 percursa.
813 1836 909 1891 Flores
929 1835 1027 1908 saepias
1039 1836 1157 1907 parvuli,
1170 1855 1244 1891 nanc
1258 1838 1338 1908 pauci
1351 1839 1589 1910 cymososubum·

184 1923 288 1987 bellati,
302 1942 376 1977 nuuc
396 1923 425 1977 in
446 1922 587 1993 paniculas
608 1919 692 1976 dense
712 1920 891 1974 trichotomas
912 1938 938 1973 v.
958 1919 1132 1974 ambellatim
1149 1939 1272 1975 ramosas
1294 1920 1430 1992 dispositi.
1467 1922 1589 1978 Fructus

186 2025 258 2077 saepe
270 2004 570 2075 obovoideo-oblongus
583 2023 609 2057 v.
622 2003 790 2075 pyriformis.
1439 1999 1443 2005 '

195 2082 198 2087 Ι
218 2102 316 2167 Species
336 2101 369 2150 ad
387 2104 426 2160 20,
446 2101 473 2166 iu
493 2101 610 2149 America
627 2100 723 2165 tropica
741 2103 885 2149 crescentes.
921 2100 1025 2148 Planch.
1044 2104 1068 2148 et
1088 2099 1173 2147 Prion.
1186 2101 1213 2147 in
1230 2101 1296 2148 Ann.
1317 2101 1355 2150 Sc.
1369 2102 1431 2150 Nat.
1444 2119 1492 2151 cer.
1504 2105 1527 2152 4.
1540 2104 1590 2152 xiv.

184 2181 241 2232 267.
276 2182 354 2229 Mart.
373 2181 436 2230 Noc.
458 2181 519 2228 Gen.
538 2183 562 2227 et
577 2179 620 2242 Sp.
638 2178 664 2226 ii.
681 2181 699 2226 t.
717 2177 765 2228 167
780 2178 964 2242 (Mariclvcea).
999 2179 1282 2243 reppereramus.
1298 2180 1358 2229 Gen.
1370 2184 1394 2228 et
1407 2181 1450 2244 Sp.
1463 2181 1497 2230 iii.
1509 2185 1527 2230 t.
1541 2183 1590 2230 212

188 2258 370 2323 (Mariclvaea).

521 2422 643 2482 Tarans
668 2424 713 2482 II.
745 2425 960 2483 Mororornn
982 2422 1195 2501 (Cotyledones
1209 2425 1253 2491 0).
1316 2441 1319 2445 ’

222 2551 263 2603 ll.
284 2551 474 2618 emphasis,
488 2551 606 2621 Lines
623 2551 721 2621 Sappl.
736 2554 780 2615 49,
794 2553 854 2605 303.
870 2549 1061 2618 (Αιιθιιιιιοιιε,
1071 2549 1166 2613 Preel,
1177 2550 1267 2622 Symb.
1281 2549 1300 2603 i.
1314 2549 1357 2606 71.
1367 2555 1385 2602 t.
1399 2548 1590 2618 48.)—Flores

184 2630 412 2704 hermaphroditi.
451 2633 551 2706 Sepala
563 2637 588 2697 5,
602 2633 755 2688 imbricata.
788 2631 885 2688 Petala
897 2633 923 2695 5,
937 2631 1032 2703 calyce
1044 2633 1158 2703 majora,
1171 2631 1200 2685 in
1213 2631 1326 2702 globum
1339 2633 1494 2687 convoluta.
1532 2640 1589 2688 An·

185 2713 318 2770 droecium
327 2716 493 2781 columnare,
504 2735 622 2788 superne
632 2719 660 2770 5-
673 2716 771 2782 (rarius
780 2713 871 2782 3—d·?)
880 2714 984 2778 loham,
992 2714 1099 2770 laciniis
1107 2714 1231 2785 integris,
1240 2714 1313 2769 infra
1321 2715 1427 2786 apicem
1435 2721 1591 2772 extrorsum

186 2796 436 2862 3-4-antheriferis‚
452 2799 575 2854 antheris
592 2799 743 2853 linearibus
756 2798 886 2870 parallcle
900 2797 1018 2853 adratis.
1056 2796 1190 2852 Ovarium
1208 2797 1278 2852 tubo
1290 2798 1425 2854 stamineo
1440 2799 1589 2865 inclusum,

184 2880 351 2945 5-loeulare;
373 2882 462 2954 stylus
481 2883 635 2953 elongatae,
650 2881 726 2952 apice
748 2879 986 2944 radiato-b-lobus,
1000 2879 1070 2936 lobis
1084 2880 1160 2952 apice
1179 2880 1287 2935 minate
1301 2881 1488 2952 stigmatosis;
1508 2882 1591 2937 ovula

184 2963 212 3017 in
225 2963 323 3018 loculis
337 2979 380 3018 00.
412 2964 503 3020 Bacca
514 2964 629 3036 globosa
640 2984 666 3018 v.
680 2964 804 3026 ovoidea,
817 2963 1004 3018 indehiscens.
1030 2962 1141 3018 Semina
1154 2982 1251 3034 pauca,
1264 2982 1338 3018 nunc
1348 2964 1479 3028 solitaria,
1489 2983 1589 3029 crassa,

183 3051 256 3101 testa
284 3047 363 3102 tenui
381 3047 653 3103 venosa-Arbores
685 3047 844 3101 fruticesve.
881 3045 961 3101 Folia
984 3047 1107 3130 tenuiter
1131 3047 1262 3108 coriaeca,
1286 3047 1418 3110 lssnervia
1443 3047 1590 3102 confertim

184 3130 315 3200 parallele
336 3130 525 3201 penninervia.
563 3130 662 3185 Flores
684 3128 853 3191 terminales,
874 3129 973 3199 saepias
996 3127 1124 3191 coccinei,
1145 3127 1372 3183 subumbellatim
1393 3129 1544 3200 panicalati
1564 3149 1590 3184 a.

184 3212 274 3266 rarius
290 3213 416 3277 solitarii,
429 3213 584 3284 majusculi.
1289 3220 1300 3240 ³

216 3309 315 3375 Species
324 3311 347 3369 6,
357 3311 372 3359 5
381 3309 632 3374 Madagasearrenses,
643 3324 695 3356 una
709 3307 747 3372 (S.
756 3307 918 3370 medelifera,
928 3306 1003 3356 Irinn.
1012 3304 1041 3370 i.)
1055 3306 1081 3355 in
1090 3306 1206 3355 America
1216 3306 1314 3371 tropica
1325 3305 1374 3356 late
1383 3307 1501 3372 dispersa,
1513 3308 1587 3360 etiam

183 3387 210 3435 in
226 3387 314 3437 Africa
332 3389 429 3454 tropica
449 3403 530 3452 nuper
549 3390 654 3451 reperta,
667 3385 699 3434 ab
710 3385 828 3434 Aabletio
847 3401 905 3434 cam
917 3385 1071 3435 Moroncbea
1082 3386 1110 3433 in
1121 3385 1160 3434 Pl.
1174 3384 1232 3434 Gai.
1245 3384 1301 3437 788.
1314 3390 1333 3434 t.
1345 3388 1394 3435 313
1416 3385 1519 3442 confusa
1535 3386 1591 3437 fuit.

184 3467 326 3515 Ptenchat
340 3467 462 3516 Tricam
475 3469 538 3515 Ann.
553 3467 592 3515 Sc.
605 3466 667 3513 Nat.
678 3481 725 3513 ser.
738 3466 763 3512 4.
775 3464 825 3512 xiv.
838 3464 896 3513 286.
931 3465 1013 3512 Mart.
1025 3464 1088 3513 Noc.
1104 3463 1160 3511 Gen.
1173 3467 1196 3511 et
1207 3464 1249 3527 Sp.
1263 3464 1297 3512 ιιι.
1311 3467 1330 3512 t.
1343 3460 1391 3516 287
1406 3460 1592 3530 (Morcnohec).

218 3544 384 3605 (inarserat,
398 3546 474 3594 Thon.
486 3544 542 3594 Gen.
553 3546 617 3593 Noc.
627 3544 735 3607 Maday.
748 3545 797 3602 143
813 3541 894 3591 Gemi.
904 3540 977 3589 Mem.
990 3541 1100 3590 Tecnetr.
1110 3545 1133 3589 et
1146 3541 1216 3589 caet.
1227 3543 1267 3592 54.
1277 3545 1295 3590 t.
1308 3544 1325 3590 4
1337 3541 1402 3606 (19),
1414 3544 1526 3593 continet
1537 3561 1590 3610 spe·

186 3623 235 3670 cies
252 3623 505 3688 Madagascarienses.
539 3623 625 3672 Genus
643 3638 658 3670 a
677 3621 781 3671 Planch.
794 3625 819 3669 et
836 3619 920 3668 Trian.
933 3620 949 3668 l.
959 3635 980 3668 c.
993 3622 1043 3669 289
1054 3618 1205 3680 vindicatur,
1225 3625 1251 3670 et
1271 3620 1437 3686 distinguitur
1454 3623 1591 3673 seminibus

184 3699 289 3749 laribus
302 3717 347 3750 nec
358 3702 514 3751 tomentosis.
549 3701 602 3750 Nos
619 3706 703 3749 tamen
715 3701 742 3748 in
754 3701 777 3748 S.
787 3698 943 3762 plebaliserc
963 3701 1106 3746 tomentum
1125 3701 1216 3746 testam
1233 3702 1319 3763 tegens
1333 3699 1430 3748 nullum
1444 3699 1592 3752 invenimus.

186 3777 327 3842 Specimina
345 3780 473 3829 fructifera
491 3780 517 3828 in
538 3779 659 3828 herbariis
679 3794 781 3844 perrara
801 3781 869 3826 sunt.
903 3777 957 3825 Nos
977 3779 992 3824 3
1011 3780 1112 3825 tantam
1129 3775 1247 3836 vidimus,
1259 3776 1285 3824 in
1302 3777 1430 3827 2fractas
1446 3779 1516 3828 intus
1527 3784 1556 3829 at
1567 3786 1592 3830 ct

187 3856 282 3905 s'emina
292 3858 347 3921 ipsa
359 3859 463 3907 omnino
474 3858 559 3923 glabra
570 3863 649 3917 erant,
661 3857 688 3905 in
700 3857 776 3906 tertia
788 3855 953 3904 substantiam
963 3856 1076 3904 lanosum
1087 3854 1198 3903 vidimus
1210 3854 1241 3903 ad
1254 3855 1358 3904 dorsum
1370 3856 1469 3906 seminis
1488 3858 1544 3921 (nec
1559 3858 1592 3909 ad

185 3933 274 3997 latera)
286 3935 312 3982 in
320 3936 425 3985 cavitate
433 3936 499 3985 inter
506 3952 590 3985 semen
599 3940 624 3985 et
635 3935 822 4000 endocarpiam,
832 3935 874 3984 sed
885 3933 945 3983 haic
956 3934 1124 3998 potiusquam
1136 3934 1225 3982 semini
1236 3933 1362 3983 adhaerere
1369 3935 1509 3998 videbatur,
1521 3943 1546 3987 et
1554 3942 1592 3988 est

185 4013 351 4063 verisimiliter
362 4014 440 4078 pulpa
452 4015 580 4064 exsiccata.
615 4014 734 4064 Liunaeus
745 4014 772 4074 f,
783 4013 800 4061 l.
808 4029 829 4063 c.
841 4029 865 4078 p.
878 4016 918 4074 49,
931 4013 965 4062 ait
974 4015 989 4039 “
999 4013 1100 4062 Semina
1108 4011 1217 4077 glabra,'’
1230 4016 1255 4061 et
1267 4030 1292 4078 p.
1300 4015 1357 4075 303,
1371 4016 1386 4040 “
1396 4013 1488 4064 Cortex
1494 4015 1592 4066 fructas

186 4092 311 4142 coriaceus
323 4092 398 4140 vestit
409 4092 505 4140 semina
515 4092 591 4156 picta,
604 4093 732 4158 interjecta
744 4091 884 4141 substantia
894 4107 997 4140 mucosa
1007 4090 1164 4139 flavissima.'’

223 4209 265 4261 12.
286 4209 519 4272 neutrumne-ia,
534 4208 674 4271 Panchcr,
688 4227 721 4261 ec
735 4207 896 4260 Ptenchat
914 4207 1011 4260 (lidan.
1031 4207 1061 4260 in
1073 4206 1148 4260 Ann.
1170 4207 1213 4262 Sc.
1229 4207 1297 4261 Nat.
1311 4228 1364 4262 aer.
1384 4212 1410 4262 4.
1424 4209 1478 4263 xiv.
1493 4211 1592 4266 292.-

186 4285 284 4344 Flores
305 4287 533 4359 hermaphroditi.
580 4288 680 4360 Sepala
701 4292 726 4353 5,
747 4287 900 4343 imbricata.
937 4287 1037 4342 Petala
1060 4291 1086 4352 5,
1110 4287 1204 4360 calyce
1222 4291 1336 4362 majora,
1351 4291 1380 4345 in
1392 4292 1507 4363 globum
1528 4314 1592 4350 con-

185 4365 290 4427 rolata.
320 4370 446 4425 Stamina
458 4370 614 4450 b·adelpira,
626 4370 813 4442 phalangibus
826 4370 926 4441 saepias
940 4390 1003 4425 cam
1016 4371 1135 4426 totidem
1143 4370 1282 4442 glandulis
1292 4374 1503 4440 alternantibus,
1515 4379 1592 4449 apice

186 4454 315 4527 antheras
334 4456 406 4509 8-10
426 4453 543 4508 lineares
563 4453 665 4508 liberas
686 4459 841 4509 extrorsum
863 4452 1037 4508 dehiscentes
1052 4454 1223 4525 gerentibus.
1261 4456 1395 4512 Ovarium
1414 4459 1549 4524 conicum,
1563 4464 1591 4515 5-

185 4537 323 4601 loculare3
339 4536 428 4608 stylus
442 4536 533 4592 brevis
545 4535 656 4600 b-fidas,
665 4535 749 4590 ramis
760 4535 882 4590 recurvis
891 4535 969 4606 apice
979 4535 1085 4590 minate
1099 4537 1287 4608 stigmatosis;
1301 4540 1383 4596 ovala
1395 4541 1533 4598 inlocalis
1546 4558 1589 4617 00,

186 4621 320 4691 placenta
341 4618 541 4674 lamellaeformi
560 4618 648 4673 affixa.
687 4617 807 4688 Capsula
828 4617 1011 4680 indehiscens‚
1029 4618 1196 4674 blooalaris.
1235 4620 1348 4678 Semina
1361 4643 1458 4694 pauca,
1477 4625 1589 4680 adscen-

186 4702 298 4767 dentia;
312 4708 386 4757 testa
396 4702 613 4765 membranacea,
624 4699 910 4755 venosa-Frutices.
931 4699 1010 4753 Folia
1018 4700 1145 4771 opposita
1157 4721 1182 4756 r.
1193 4704 1367 4769 verticillata,
1379 4707 1511 4768 coriaeea,
1521 4725 1588 4777 pen-¹

187 4785 320 4840 ninervia.
357 4786 382 4840 F
383 4786 454 4842 iores
467 4785 607 4856 adspices
620 4783 790 4838 ramulorum
804 4781 929 4844 solitarii,
944 4781 1068 4852 speciosi,
1081 4785 1223 4854 purpurei,
1238 4786 1347 4843 sessiles
1360 4806 1386 4843 v.
1399 4787 1589 4859 pedancalati.

190 4867 288 4933 (Utar.
302 4888 335 4922 en
348 4869 510 4925 Ptenchat
524 4867 632 4929 Prion.)

221 4962 319 5025 Species
330 4966 354 5023 3,
366 4963 612 5023 Novo-Caledoniam,
625 4979 639 5010 a
650 4962 723 5010 nobis
735 4975 785 5007 non
797 4960 863 5009 vissa
