3556 5580
672 845 1105 915 DlOOTYLEDONES.

724 1045 1051 1108 POLYPEMLAE.

802 1215 990 1224 -.-.-.....--·

589 1325 681 1384 Oano
703 1327 728 1383 Ι.
754 1326 1198 1387 RAnuncumcnffl.

600 1455 676 1504 Eudl.
690 1456 752 1504 Gen.
765 1458 830 1513 843;
849 1455 933 1504 Lindl.
945 1455 1006 1520 Veg.
1019 1455 1113 1519 Kingd.
1125 1456 1183 1504 425.

226 1567 328 1635 Sepeia
341 1568 410 1621 3·oe
424 1569 533 1638 (saepius
546 1573 583 1636 ὅ),
600 1569 760 1642 hypogyna,
778 1571 872 1633 libera,
892 1571 976 1641 vulgo
994 1570 1149 1642 petaloidea
1167 1577 1196 1624 et
1214 1568 1339 1631 decidua,
1353 1565 1498 1620 imbricata
1509 1570 1590 1634 v.(1u

192 1648 378 1717 Clematideis)
398 1650 516 1704 salvata.
555 1654 661 1706 Petale
685 1654 785 1724 sepelis
810 1654 927 1707 isomera
945 1672 972 1707 v.
991 1669 1034 1714 α),
1056 1652 1215 1723 hypogyna¹
1241 1651 1337 1712 libera,
1362 1663 1436 1702 nune
1457 1648 1540 1719 plana
1561 1654 1590 1702 et

188 1731 344 1800 conspicua,
364 1752 438 1788 nuno
456 1753 542 1804 parva
555 1735 689 1790 deformia
701 1756 726 1789 v.
740 1741 767 1799 Ο,
788 1737 940 1790 imbricata.
981 1737 1108 1791 Stamina
1121 1751 1164 1798 00,
1178 1734 1277 1805 saepius
1295 1749 1442 1786 numerosa
1460 1737 1488 1784 et
1504 1730 1589 1801 pluri·

188 1813 296 1876 seriata,
309 1814 467 1886 hypogyna,
477 1817 573 1872 libera.
593 1821 724 1874 Aatterae
736 1820 845 1883 innatae,
857 1819 1018 1873 connectivo
1031 1837 1093 1872 cum
1102 1817 1242 1872 filamento
1255 1816 1395 1878 continuo,
1406 1813 1503 1868 loculis
1512 1814 1589 1867 rimis

186 1894 348 1950 lateralibus
364 1917 389 1951 v.
408 1905 565 1954 extrorsum
583 1901 797 1956 dehiscentibus.
839 1903 963 1973 Qrioecii
981 1899 1144 1970 carpellaoo
1160 1918 1186 1954 v.
1200 1899 1289 1953 rarius
1306 1898 1437 1960 solitaria,
1458 1896 1546 1950 libera
1563 1915 1588 1949 v.

186 1978 276 2032 rarius
293 1979 472 2044 subconnata,
491 1982 681 2048 unilocularia,
702 1985 775 2056 stylo
794 1983 913 2054 simplici
932 1983 1007 2036 intus
1025 1981 1101 2052 apice
1117 1981 1300 2051 stigmatifero
1311 2000 1338 2034 v.
1356 1981 1485 2050 stigmate
1502 1979 1591 2033 sessili

187 2061 344 2115 terminata.
386 2065 475 2117 Oualo
488 2071 630 2136 anatropa,
643 2085 718 2120 nunc
737 2066 860 2120 solitaria
878 2064 1074 2120 adscendentia
1089 2065 1175 2134 raphe
1188 2064 1316 2125 ventrali,
1332 2082 1358 2116 v.
1371 2062 1492 2134 pendula
1503 2061 1590 2133 raphe

189 2143 298 2207 domali,
313 2165 386 2200 nuuc
399 2147 520 2217 plurima
532 2154 634 2203 sutura
647 2150 767 2204 ventrali
778 2150 929 2204 biseriatim
940 2147 1028 2209 affixa,
1045 2146 1235 2200 horizontalia.
1272 2147 1380 2202 Fracta
1401 2145 1520 2216 carpella
1531 2163 1591 2198 mu·

186 2231 283 2281 tantur
295 2228 323 2281 in
336 2229 451 2284 achenia
463 2231 542 2293 sicca,
556 2232 764 2296 indehiscentia,
778 2239 807 2288 et
818 2248 1023 2301 monosperma‚
1036 2248 1062 2282 v.
1076 2230 1105 2282 in
1118 2229 1215 2283 baccas
1228 2247 1322 2283 mono·
1332 2247 1358 2283 v.
1373 2229 1590 2299 oligo-spermate,

189 2328 213 2363 v.
227 2311 255 2363 in
266 2311 390 2382 capsulas
409 2313 484 2367 intus
497 2333 523 2366 v.
538 2315 614 2384 apice
627 2315 799 2369 folliculatim
817 2314 997 2369 dehiscentes.
1037 2311 1148 2364 Semina
1168 2311 1317 2365 exarillata.
1359 2313 1439 2365 Testa
1451 2312 1480 2364 in
1496 2329 1590 2365 mono·

188 2393 303 2462 spermis
316 2394 438 2448 tenuiter
448 2396 579 2459 coriacea,
597 2396 671 2450 laevis
684 2416 711 2451 v.
724 2415 834 2467 rugosa,
847 2395 934 2466 raphe
946 2412 1046 2465 parum
1057 2393 1244 2463 prominente;
1264 2395 1294 2447 in
1313 2394 1497 2465 polyspermis
1516 2413 1590 2448 crus·

188 2480 266 2529 taces
284 2495 310 2529 v,
332 2477 585 2548 carnoso-fungosa,
603 2479 678 2532 laevis
697 2497 798 2548 rugosa
817 2497 843 2532 r.
866 2479 1075 2548 subsquamosa,
1091 2477 1177 2548 rapha
1199 2477 1297 2547 saepius
1310 2476 1390 2532 valde
1407 2476 1589 2547 prominente.

188 2559 311 2629 Embrgo
324 2557 354 2611 in
365 2558 426 2612 basi
438 2559 585 2614 albuminis
597 2561 689 2615 cornei
700 2580 726 2614 v.
737 2562 827 2615 rarius
841 2561 948 2615 carnosi
960 2560 1099 2613 minimus.

224 2640 328 2695 Herbee
350 2660 456 2705 annuae,
471 2662 496 2695 v.
511 2642 623 2697 caudice
635 2642 805 2697 radiciformi
816 2663 842 2697 v.
857 2643 1000 2715 caspitoso
1012 2662 1038 2696 v.
1052 2662 1103 2714 ope
1123 2642 1262 2696 stolonum
1283 2647 1476 2713 perennantes,
1498 2641 1588 2696 rarius

188 2723 370 2780 suffruticosae
391 2743 417 2778 v.
436 2724 729 2796 lignososeandentes.
767 2726 848 2780 Folia
869 2726 1000 2780 radicalia
1017 2745 1043 2780 v.
1057 2727 1164 2780 alterna
1182 2727 1221 2794 (in
1242 2727 1418 2781 Clematideis
1441 2725 1590 2796 opposita),

188 2807 297 2877 integra
321 2827 347 2861 v.
369 2807 511 2878 palmatim
533 2809 758 2879 subpinnatimve
783 2808 909 2874 dissecta,
939 2810 1043 2880 petiolo
1067 2829 1138 2881 saepe
1159 2828 1235 2864 more
1259 2807 1505 2864 Umbelliferarum
1528 2807 1591 2862 basi

188 2890 508 2962 amplexieaulidilatato
525 2910 551 2944 v.
578 2891 666 2945 rarius
689 2892 887 2962 appendicibus
912 2893 1143 2964 stipuliformibus
1168 2899 1259 2947 aucto.
1304 2891 1367 2956 Pili,
1393 2891 1461 2946 dum
1487 2890 1589 2955 adsint,

188 2974 333 3044 simplices.
371 2973 583 3028 Inflaresuentia
602 2973 687 3043 vulgo
706 2974 869 3037 terminalis,
890 2976 1051 3038 monantha,
1077 2994 1218 3031 racemosa
1236 2994 1262 3029 v,
1288 2973 1454 3046 paniculata.
1492 2973 1589 3028 Flores

187 3057 328 3128 regulares
340 3075 365 3110 v.
379 3057 468 3110 rarius
483 3056 523 3125 (in
536 3057 722 3126 Delphinieis)
741 3057 916 3127 irregulares,
929 3058 1147 3130 hermaphroditi
1166 3077 1192 3111 v,
1205 3057 1294 3111 rarius
1307 3056 1407 3110 abortu
1420 3056 1510 3110 dioioi.

221 3153 319 3216 Species
331 3153 399 3216 apud
412 3158 525 3201 auctores
537 3153 666 3216 descriptae
677 3153 829 3213 ultra1200,
845 3153 888 3202 sed
903 3155 930 3202 in
945 3155 1076 3218 generibus
1090 3153 1216 3203 nonnullis
1231 3154 1296 3201 miro
1311 3153 1386 3201 modo
1400 3151 1527 3200 variabiles
1539 3156 1564 3199 et
1575 3169 1590 3200 a

188 3231 309 3280 botanicis
326 3231 507 3295 multiplicata.
542 3231 639 3295 Species
656 3232 718 3280 bene
735 3231 858 3280 distincta
876 3232 959 3280 adhuc
976 3232 1080 3295 cognitae
1097 3231 1263 3280 verisimiliter
1279 3231 1320 3279 vix
1337 3230 1369 3278 ad
1388 3245 1521 3279 numerum
1541 3232 1590 3279 540

187 3311 323 3374 attingunt.
359 3310 430 3358 Ordo
446 3326 491 3374 per
507 3315 592 3358 totum
604 3309 653 3358 fere
665 3310 751 3358 orbem
762 3316 884 3358 terrarum
896 3309 1030 3374 dispersus,
1046 3309 1112 3359 inter
1129 3310 1238 3374 tropicos
1256 3313 1340 3357 tamen
1357 3310 1436 3357 rarior
1454 3313 1479 3356 et
1495 3308 1589 3357 ibidem

187 3389 228 3436 vix
240 3389 288 3437 nisi
299 3389 365 3437 inter
376 3393 474 3437 montes
486 3389 600 3437 occurrit.
636 3388 733 3437 Genera
750 3390 864 3453 plurima,
880 3388 1017 3452 praesertim
1037 3388 1197 3446 Tbelictrum,
1213 3388 1316 3447 Adonis,
1331 3387 1497 3447 Rauennates,
1513 3389 1588 3451 Aqui·

188 3469 259 3529 legia,
272 3468 440 3533 Debilitatem,
453 3471 477 3514 et
488 3468 628 3526 aconitum,
640 3468 722 3530 quoad
741 3468 877 3531 specierum
895 3467 1027 3516 discrimen
1043 3467 1116 3516 hodie
1136 3466 1208 3515 valde
1226 3465 1329 3514 confusa
1348 3470 1449 3514 suntet
1466 3467 1589 3516 botanicis

187 3546 350 3610 systematieis
362 3545 448 3594 sedulo
460 3545 675 3593 commendantur.

220 3624 418 3672 Ranuneulaoeae
429 3640 443 3671 a
456 3625 637 3686 Papaveraceis
649 3623 769 3672 differunt
780 3624 903 3688 imprimis
915 3624 1027 3689 gynaecio
1042 3639 1174 3688 apocarpo,
1190 3639 1263 3672 succo
1279 3638 1364 3686 aqueo,
1382 3627 1407 3670 et
1418 3622 1521 3671 floribus
1532 3639 1588 3671 raro

188 3701 287 3749 (limeris
296 3723 302 3759 3
321 3717 336 3748 a
352 3703 509 3749 Barberideis
523 3702 657 3760 herbaceis‚
674 3702 824 3750 staminibus
841 3702 977 3750 indefinitis
991 3707 1015 3750 et
1031 3702 1191 3749 antherarum
1207 3701 1373 3759 dehiscentia;
1393 3702 1588 3760 aDiIleaiaceis,

186 3779 283 3840 habitu,
295 3779 384 3842 sepelis
397 3779 530 3843 saepissime
542 3781 660 3836 deciduis,
673 3785 698 3828 et
710 3781 845 3828 seminibus
862 3780 1011 3828 exarillatis:
1029 3795 1044 3826 a
1054 3780 1242 3841 Magnoliaceis,
1254 3779 1350 3839 habitu,
1358 3769 1451 3843 ¹petalis
1463 3782 1487 3829 1·
1497 3781 1535 3828 vel
1547 3780 1589 3829 vix

186 3858 319 3906 2·seriatis.
354 3858 490 3907 Nonnulla
502 3859 590 3908 babitu
606 3859 778 3922 Umbellffcris,
797 3859 851 3908 aliae
867 3859 1015 3907 Atismaceia
1026 3858 1155 3918 accedunt,
1168 3859 1211 3906 sed
1230 3862 1356 3907 structura
1373 3857 1441 3907 floris
1452 3875 1475 3907 v.
1489 3859 1589 3909 seminis

185 3937 258 4001 longe
269 3937 396 3986 recedunt.

754 4041 854 4077 FORMAE
872 4041 1024 4076 aaronitas.

218 4117 303 4166 (taulis
311 4117 513 4168 suffraticosusv.
523 4117 659 4168 frutescens
670 4119 697 4166 in
706 4120 881 4168 Xaatbortiza
892 4124 917 4168 et
928 4119 1065 4167 inPoeonia
1073 4119 1185 4178 Mantua,
1194 4119 1422 4183 lignososcandens
1431 4121 1457 4168 in
1465 4121 1589 4185 plerisque

186 4197 348 4246 Clematideis.

219 4275 290 4324 Folia
302 4276 386 4323 omnia
395 4276 511 4340 opposita
521 4276 549 4324 in
559 4276 721 4324 clematidas.
756 4275 858 4328 Folium
864 4276 949 4324 florale
960 4275 1139 4340 amplexicaule
1150 4282 1174 4325 et
1184 4276 1318 4324 dissectum
1329 4276 1354 4324 in
1363 4278 1491 4337 damone,
1505 4279 1588 4326 Bran·
1637 4327 1640 4334 ,

185 4355 259 4413 raiae,
277 4356 413 4418 paucisque
430 4355 556 4418 speciebus
573 4370 690 4419 generum
711 4354 817 4403 aliorum
835 4355 936 4404 simulat
956 4355 1114 4404 involucrum
1131 4355 1221 4405 esoliis
1239 4358 1290 4403 ὃν.
1303 4354 1419 4420 pluribus
1435 4356 1589 4408 verticillatis

185 4433 361 4492 compositum.
396 4432 504 4497 Stipelloe
515 4434 607 4482 adsunt
618 4434 644 4482 in
660 4434 796 4482 Ttalictrts
806 4433 942 4482 nonnullis.

218 4512 307 4575 Sepala
319 4512 375 4575 plus
386 4513 469 4560 minus
480 4513 619 4575 persistunt
631 4513 657 4560 in
673 4513 848 4576 Onygrapbide
860 4518 885 4561 et
897 4512 1039 4561 Heliodoro.

217 4590 331 4638 Stamina
347 4606 451 4639 numero
472 4590 554 4654 sepala
570 4592 612 4639 vix
629 4592 760 4651 excedunt,
772 4608 796 4640 v.
808 4591 927 4654 pauciora
943 4595 1011 4650 sunt,
1022 4590 1050 4638 in
1062 4591 1189 4654 Mycenae,
1203 4591 1359 4639 natantum
1369 4591 1497 4647 nonnullis
1508 4591 1588 4655 parvi·

184 4669 259 4728 floris,
275 4670 369 4716 Cattae
387 4667 515 4732 speciebus
529 4672 555 4729 ¹2,
568 4674 632 4728 etc.;
652 4669 741 4734 sepalis
756 4670 894 4733 petalisque
911 4668 1015 4717 isomera
1034 4686 1057 4717 v.
1071 4670 1149 4733 dupla
1160 4673 1185 4716 et
1204 4668 1243 4716 his
1260 4667 1355 4716 alterna
1372 4671 1404 4726 in
1415 4669 1591 4722 Xanttorbizn

184 4748 252 4795 etin
264 4763 315 4794 una
332 4762 346 4794 e
361 4748 472 4802 Οαῑίὴὶες
492 4747 611 4796 interiora
628 4746 721 4794 sterilia
740 4746 939 4810 squamaeformia
953 4747 979 4795 in
991 4747 1132 4811 Aquilonia.
1167 4747 1287 4796 Anthene
1304 4747 1442 4798 introrsum
1459 4747 1591 4800 dehiseunt

185 4824 212 4872 in
227 4826 405 4874 Clematidibas
416 4829 432 4874 2
443 4824 547 4874 Indicis.

218 4903 310 4954 Discus
321 4906 455 4970 perigynus
467 4905 589 4954 evolvitur
600 4904 626 4952 in
639 4903 747 4952 Paeonia.
1354 4946 1356 4950 .

223 4997 287 5034 VOL.
301 4998 321 5034 1.
1469 4998 1485 5033 B
